2842 4854
603 383 803 442 ..g-

143 571 221 654 hys.
246 577 320 639 231.
345 580 418 639 232.
442 566 481 636 ού
501 566 659 656 στήσομαι
682 569 786 636 λέαιν’
802 568 859 636 ἐπὶ
882 571 1142 659 τυροκνήστιδος.

347 687 420 746 923.
445 675 580 761 αἰσχρὰν
603 675 664 761 γὰρ
688 675 746 742 ἐπὶ
768 675 867 744 τόνου
891 702 925 761 γε
950 682 1007 765 (se.
1032 689 1270 765 κατακεῖσθαι).

235 786 320 852 Ran.
346 794 418 855 928.
443 776 554 869 (εἶπεν
571 777 668 851 ούδὲν
685 783 735 870 ἓν)
752 778 848 874 ύλλῆ
870 785 1015 872 τάφρους
1037 781 1057 874 ἢ
1081 782 1128 852 ’πί
1147 783 1294 854 ύσπίδων

1097 890 1247 968 ἐπόντας.

210 1001 296 1067 Plut.
322 1008 394 1068 382.
452 993 538 1084 ὁρῶν
560 1004 622 1064 τιν’
646 998 705 1065 ἐπὶ
727 1006 786 1066 τού
809 999 954 1088 βήματος
977 1001 1237 1085 καθεδούμενον.

120 1109 246 1193 Frgmt.
263 1111 305 1175 Μ.
320 1115 382 1174 996
398 1109 446 1173 IV
470 1103 528 1170 ἐπὶ
563 1110 623 1170 τούΙ
657 1107 864 1192 περιδρόμου
899 1114 998 1176 στᾶσα
1032 1114 1088 1198 τῆς
1128 1120 1293 1185 συνοικίας

907 1219 962 1303 [K.
990 1222 1133 1287 139111.
1161 1220 1247 1305 1381.

200 1325 242 1391 Μ.
271 1327 353 1388 1059
378 1323 416 1388 V.
440 1320 587 1402 (λύχνος)
613 1320 785 1390 καθεύδει)
810 1323 867 1386 ἐπὶ
889 1331 949 1388 τού
971 1324 1101 1406 λύχνου.
1143 1329 1194 1413 [Κ.
1220 1335 1292 1394 280.

975 1435 1024 1500 Bl.
1050 1437 1248 1520 277-279].

150 1539 192 1605 Μ.
220 1543 313 1603 1145.
337 1537 409 1602 XV.
434 1533 491 1599 ἐπὶ
505 1539 565 1600 τοῦ
582 1533 768 1622 κορῆματος
783 1538 967 1618 καθέζομαι
986 1540 1038 1622 [K.
1056 1545 1293 1627 47411411).

280 1644 314 1729 2)
339 1662 411 1709 cum
435 1647 536 1710 verbo
561 1641 650 1724 ἔχειν
674 1646 726 1711 vel
750 1651 881 1728 φέρεινε

256 1752 318 1817 Av.
343 1757 416 1818 486.
441 1749 552 1837 (ἔχων)
587 1750 643 1817 ἐπὶ
678 1756 733 1840 τῆς
767 1755 910 1840 κεφαλῆς
939 1751 999 1838 τῆν
1027 1759 1217 1837 κυρβασίαν.

337 1867 411 1925 515.
435 1852 534 1923 οἷετδν
557 1858 653 1944 ὄρνιν
677 1909 685 1923 .
710 1908 718 1924 .
743 1908 750 1925 .
777 1857 859 1939 ἔχων
883 1857 942 1924 ἐπὶ
964 1862 1020 1943 τῆς
1043 1862 1190 1944 κεφαλῆς.
1228 1927 1229 1931 ,

223 1966 311 2032 ΕοοΙ.
337 1974 410 2035 222.
434 1962 491 2029 ἐπὶ
513 1968 567 2050 τῆς
590 1969 732 2050 κεφαλῆς
754 1973 919 2052 φέρουσιν.

199 2073 286 2140 Ρ1111.
313 2077 406 2138 1198.
431 2069 498 2153 (τὰς
522 2069 654 2156 χύτρας)
678 2070 736 2136 ἐπὶ
757 2078 813 2158 τῆς
836 2073 980 2158 κεφαλῆς
1002 2079 1093 2156 φέρε.

280 2187 315 2261 3)
339 2183 438 2246 verbo
462 2181 580 2245 omisso
606 2181 661 2246 ubi
685 2171 772 2244 εἶναι
796 2182 849 2247 vel
873 2176 962 2260 ἔχειν
985 2181 1082 2247 facile
1105 2181 1252 2246 auditur:

225 2288 309 2355 Nub.
335 2293 408 2352 218.
437 2288 517 2358 τίς.
543 2335 550 2350 .
575 2264 670 2359 οὗτος
694 2281 771 2351 ούπὶ
794 2293 850 2373 τῆς
873 2284 1068 2372 κρεμάθρας
1091 2280 1189 2372 α’νῆρ;
1222 2336 1225 2340 .

319 2401 413 2460 15112.
438 2379 542 2471 οὗτος,
566 2398 600 2459 τί
622 2403 733 2468 ποιεῖς
756 2444 764 2458 .
789 2443 797 2460 .
824 2390 905 2460 ούπὶ
926 2398 986 2460 τοῦ
1008 2401 1132 2476 τέγους;

236 2503 336 2583 Vesp.
361 2508 411 2566 68.
436 2495 514 2570 ούπὶ
538 2505 597 2566 τού
620 2509 739 2583 τέγους.

229 2610 308 2690 Lys.
334 2615 407 2674 389.
432 2603 450 2670 ὁ
474 2612 500 2673 τ’
525 2603 738 2691 Ἀδωνιασμὸς
762 2596 856 2682 οὗτος
880 2605 962 2674 ούπὶ
984 2615 1049 2674 τῶν
1072 2612 1182 2689 τεγῶν.

335 2723 407 2781 395.
432 2709 451 2802 ῆ
475 2714 555 2801 γυνὴ
579 2720 630 2781 ’πὶ
652 2721 712 2782 τού
733 2723 854 2798 τέγους.

219 2823 305 2889 Plut.
331 2829 404 2888 996.
428 2816 511 2887 τύπὶ
533 2827 591 2888 τοῦ
615 2828 755 2894 πίνακος
777 2820 978 2909 τραγῆματα.

118 2932 244 3012 Frgmt.
257 2932 300 2996 Μ.
315 2937 380 2996 948
392 2932 469 2997 XII.
493 2923 579 2994 κοῖπὶ
601 2937 712 3011 τέγους
736 2931 789 3015 [Κ.
817 2939 873 3014 11;
898 2933 946 2997 Bl.
973 2931 1034 3014 11.]

280 3040 314 3120 4)
339 3057 413 3104 cum
436 3039 545 3104 verbis
570 3040 688 3119 quibus
712 3039 836 3119 aliquid
861 3039 932 3105 fieri
953 3039 1009 3105 vel
1033 3040 1087 3120 agi
1112 3039 1292 3105 indicatur:

260 3147 341 3212 Aah.
366 3152 416 3210 82.
442 3141 608 3225 κᾶχεζεν.
634 3192 641 3206 .
666 3193 674 3208 .
699 3141 757 3207 ἐπὶ
780 3149 906 3229 χρυσῶν
930 3138 1026 3228 δρῶν.

237 3254 320 3334 Equ.
347 3259 419 3318 771.
443 3244 501 3315 ἐπὶ
523 3253 657 3338 ταυτησὶ
682 3249 842 3336 (τράπεζα
867 3254 900 3319 in
924 3272 1053 3319 scenam
1078 3255 1205 3334 prolata
1229 3256 1293 3338 est)

975 3364 1248 3446 κατακνησθείην.

339 3473 413 3532 956.
439 3463 640 3549 ἐπὶπέτρας
665 3468 865 3562 δημηγορῶν.

218 3576 314 3655 Vesp.
340 3579 413 3640 332.
436 3576 537 3638 λίθον
560 3626 566 3639 .
592 3627 598 3639 .
624 3627 630 3639 .
654 3570 703 3656 ἐφ’
728 3565 767 3636 ού
789 3569 847 3644 τὰς
871 3576 1019 3657 χοιρίνας
1041 3565 1256 3657 οἷριδμούσιν.

232 3683 306 3748 Pae.
330 3687 405 3747 452.
430 3678 488 3745 ἐπὶ
509 3684 568 3745 τοῦ
590 3684 711 3765 τροχοῦ
735 3684 760 3760 γ’
785 3673 915 3745 ἕλκοιτο
939 3676 1205 3761 μαστιγούμενος.

331 3795 405 3854 896.
429 3786 487 3851 ἐπὶ
510 3791 564 3874 γῆς
586 3790 754 3852 παλαίειν.

331 3903 405 3962 938.
429 3890 542 3977 βωμὸν
565 3892 614 3978 ἐφ’
640 3893 715 3959 ὅτου
739 3891 898 3974 θύσομεν.

262 4008 324 4069 Av.
348 4008 399 4068 40.
424 3999 483 4066 ἐπὶ
516 4004 580 4066 τῶν
605 4003 733 4085 κραδῶν
765 3992 876 4084 ᾅδονσ’
892 3999 948 4084 (sc.
966 3997 998 4061 οἱ
1021 4001 1176 4086 τέττιγες)
1193 3992 1295 4087 ’.48η-

425 4093 427 4096 ⁴
1045 4114 1135 4171 ναῖοι
1159 4100 1249 4172 δ’ῶεί.

408 4218 553 4280 ἐπὶτῶν
577 4216 676 4278 δικῶν
701 4205 823 4278 ύδοιισι.

209 4344 285 4426 Lys.
311 4350 383 4408 575.
410 4338 465 4405 ἐπὶ
491 4343 603 4426 κλίνης
627 4336 844 4425 (ἐκραβδίζειν
866 4335 941 4413 τούς
963 4334 1180 4424 μοχθηρούς),
