<?xml version="1.0" encoding="UTF-8"?>
<!DOCTYPE html PUBLIC "-//W3C//DTD XHTML 1.0 Transitional//EN"
    "http://www.w3.org/TR/xhtml1/DTD/xhtml1-transitional.dtd">
<html xmlns="http://www.w3.org/1999/xhtml" xml:lang="en" lang="en">
 <head>
  <title>
</title>
<meta http-equiv="Content-Type" content="text/html;charset=utf-8" />
  <meta name='ocr-system' content='tesseract 3.04.00' />
  <meta name='ocr-capabilities' content='ocr_page ocr_carea ocr_par ocr_line ocrx_word'/>
</head>
<body>
  <div class='ocr_page' id='page_1' title='image "./devietusupraepo00iltzgoog_0010.png"; bbox 0 0 2842 4854; ppageno 0'>
   <div class='ocr_carea' id='block_1_1' title="bbox 139 1441 1353 2919">
    <p class='ocr_par' dir='ltr' id='par_1_1' title="bbox 139 1441 1353 2919">
     <span class='ocr_line' id='line_1_1' title="bbox 248 1441 1317 1526; baseline -0.007 -14"><span class='ocrx_word' id='word_1_1' title='bbox 248 1447 281 1512; x_wconf 85' lang='lat' dir='ltr'>si</span> <span class='ocrx_word' id='word_1_2' title='bbox 310 1446 383 1525; x_wconf 89' lang='lat' dir='ltr'>quis</span> <span class='ocrx_word' id='word_1_3' title='bbox 416 1446 605 1526; x_wconf 80' lang='lat' dir='ltr'><strong>scriptorem</strong></span> <span class='ocrx_word' id='word_1_4' title='bbox 635 1445 774 1525; x_wconf 85' lang='lat' dir='ltr'>aliquem</span> <span class='ocrx_word' id='word_1_5' title='bbox 800 1442 991 1524; x_wconf 82' lang='lat' dir='ltr'>diligentius</span> <span class='ocrx_word' id='word_1_6' title='bbox 1015 1458 1211 1521; x_wconf 81' lang='lat' dir='ltr'>cognoscere</span> <span class='ocrx_word' id='word_1_7' title='bbox 1234 1441 1317 1524; x_wconf 85' lang='lat' dir='ltr'>vult,</span> 
     </span>
     <span class='ocr_line' id='line_1_2' title="bbox 143 1548 1320 1632; baseline -0.002 -17"><span class='ocrx_word' id='word_1_8' title='bbox 143 1553 278 1618; x_wconf 82' lang='lat' dir='ltr'>maxime</span> <span class='ocrx_word' id='word_1_9' title='bbox 293 1571 403 1618; x_wconf 89' lang='lat' dir='ltr'>earum</span> <span class='ocrx_word' id='word_1_10' title='bbox 427 1570 535 1617; x_wconf 91' lang='lat' dir='ltr'>rerum</span> <span class='ocrx_word' id='word_1_11' title='bbox 558 1550 644 1616; x_wconf 89' lang='lat' dir='ltr'>ratio</span> <span class='ocrx_word' id='word_1_12' title='bbox 668 1550 818 1616; x_wconf 86' lang='lat' dir='ltr'>habenda</span> <span class='ocrx_word' id='word_1_13' title='bbox 843 1556 903 1632; x_wconf 88' lang='lat' dir='ltr'>est,</span> <span class='ocrx_word' id='word_1_14' title='bbox 928 1567 1012 1629; x_wconf 86' lang='lat' dir='ltr'>quae</span> <span class='ocrx_word' id='word_1_15' title='bbox 1035 1548 1204 1628; x_wconf 83' lang='lat' dir='ltr'>scriptoris</span> <span class='ocrx_word' id='word_1_16' title='bbox 1228 1548 1320 1613; x_wconf 90' lang='lat' dir='ltr'>iilius</span> 
     </span>
     <span class='ocr_line' id='line_1_3' title="bbox 145 1655 1318 1740; baseline -0.001 -18"><span class='ocrx_word' id='word_1_17' title='bbox 145 1659 275 1738; x_wconf 89' lang='lat' dir='ltr'>propria</span> <span class='ocrx_word' id='word_1_18' title='bbox 303 1667 389 1724; x_wconf 86' lang='lat' dir='ltr'>sunt</span> <span class='ocrx_word' id='word_1_19' title='bbox 436 1658 524 1740; x_wconf 78' lang='lat' dir='ltr'>Quas</span> <span class='ocrx_word' id='word_1_20' title='bbox 559 1658 646 1723; x_wconf 89' lang='lat' dir='ltr'>inter</span> <span class='ocrx_word' id='word_1_21' title='bbox 675 1676 730 1723; x_wconf 88' lang='lat' dir='ltr'>res</span> <span class='ocrx_word' id='word_1_22' title='bbox 757 1677 829 1722; x_wconf 88' lang='lat' dir='ltr'>oum</span> <span class='ocrx_word' id='word_1_23' title='bbox 858 1675 937 1723; x_wconf 89' lang='lat' dir='ltr'>usus</span> <span class='ocrx_word' id='word_1_24' title='bbox 961 1655 1106 1735; x_wconf 77' lang='lat' dir='ltr'>dicendi,</span> <span class='ocrx_word' id='word_1_25' title='bbox 1139 1661 1176 1739; x_wconf 83' lang='lat' dir='ltr'>ut</span> <span class='ocrx_word' id='word_1_26' title='bbox 1199 1663 1318 1721; x_wconf 86' lang='lat' dir='ltr'>natura</span> 
     </span>
     <span class='ocr_line' id='line_1_4' title="bbox 145 1763 1353 1853; baseline 0 -25"><span class='ocrx_word' id='word_1_27' title='bbox 145 1765 215 1847; x_wconf 78' lang='lat' dir='ltr'>tert,</span> <span class='ocrx_word' id='word_1_28' title='bbox 250 1767 388 1830; x_wconf 85' lang='lat' dir='ltr'>maximo</span> <span class='ocrx_word' id='word_1_29' title='bbox 417 1772 579 1830; x_wconf 90' lang='lat' dir='ltr'>momento</span> <span class='ocrx_word' id='word_1_30' title='bbox 607 1765 668 1847; x_wconf 87' lang='lat' dir='ltr'>sit,</span> <span class='ocrx_word' id='word_1_31' title='bbox 705 1782 822 1845; x_wconf 87' lang='lat' dir='ltr'>operae</span> <span class='ocrx_word' id='word_1_32' title='bbox 852 1764 992 1844; x_wconf 88' lang='lat' dir='ltr'>pretium</span> <span class='ocrx_word' id='word_1_33' title='bbox 1017 1763 1132 1843; x_wconf 87' lang='lat' dir='ltr'>putavi</span> <span class='ocrx_word' id='word_1_34' title='bbox 1163 1763 1319 1828; x_wconf 89' lang='lat' dir='ltr'>nonnulla</span> <span class='ocrx_word' id='word_1_35' title='bbox 1349 1847 1353 1853; x_wconf 19' lang='grc' dir='ltr'>ι</span> 
     </span>
     <span class='ocr_line' id='line_1_5' title="bbox 143 1870 1319 1953; baseline -0.002 -17"><span class='ocrx_word' id='word_1_36' title='bbox 143 1890 181 1936; x_wconf 86' lang='lat' dir='ltr'>ex</span> <span class='ocrx_word' id='word_1_37' title='bbox 216 1873 262 1936; x_wconf 87' lang='lat' dir='ltr'>eis</span> <span class='ocrx_word' id='word_1_38' title='bbox 296 1872 444 1953; x_wconf 84' lang='lat' dir='ltr'>proferre</span> <span class='ocrx_word' id='word_1_39' title='bbox 480 1889 563 1952; x_wconf 86' lang='lat' dir='ltr'>quae</span> <span class='ocrx_word' id='word_1_40' title='bbox 590 1871 821 1952; x_wconf 62' lang='lat' dir='ltr'>Aristophanis</span> <span class='ocrx_word' id='word_1_41' title='bbox 856 1870 985 1935; x_wconf 88' lang='lat' dir='ltr'>fabulas</span> <span class='ocrx_word' id='word_1_42' title='bbox 1013 1870 1134 1950; x_wconf 83' lang='lat' dir='ltr'>legenti</span> <span class='ocrx_word' id='word_1_43' title='bbox 1169 1871 1247 1934; x_wconf 88' lang='lat' dir='ltr'>mihi</span> <span class='ocrx_word' id='word_1_44' title='bbox 1278 1871 1319 1935; x_wconf 91' lang='lat' dir='ltr'>ad</span> 
     </span>
     <span class='ocr_line' id='line_1_6' title="bbox 140 1977 1320 2060; baseline 0.001 -18"><span class='ocrx_word' id='word_1_45' title='bbox 140 1979 399 2060; x_wconf 81' lang='lat' dir='ltr'>cognoscendum</span> <span class='ocrx_word' id='word_1_46' title='bbox 425 1984 554 2059; x_wconf 89' lang='lat' dir='ltr'>poetam</span> <span class='ocrx_word' id='word_1_47' title='bbox 586 1979 677 2043; x_wconf 91' lang='lat' dir='ltr'>illum</span> <span class='ocrx_word' id='word_1_48' title='bbox 707 1978 861 2042; x_wconf 80' lang='lat' dir='ltr'>comicum</span> <span class='ocrx_word' id='word_1_49' title='bbox 898 1996 962 2042; x_wconf 93' lang='lat' dir='ltr'>non</span> <span class='ocrx_word' id='word_1_50' title='bbox 987 1978 1057 2042; x_wconf 90' lang='lat' dir='ltr'>sino</span> <span class='ocrx_word' id='word_1_51' title='bbox 1080 1977 1223 2058; x_wconf 88' lang='lat' dir='ltr'>pondere</span> <span class='ocrx_word' id='word_1_52' title='bbox 1246 1997 1320 2043; x_wconf 91' lang='lat' dir='ltr'>esse</span> 
     </span>
     <span class='ocr_line' id='line_1_7' title="bbox 141 2085 1321 2167; baseline 0.001 -18"><span class='ocrx_word' id='word_1_53' title='bbox 141 2085 345 2150; x_wconf 89' lang='lat' dir='ltr'>videbantur.</span> <span class='ocrx_word' id='word_1_54' title='bbox 386 2088 495 2165; x_wconf 84' lang='lat' dir='ltr'>Atque</span> <span class='ocrx_word' id='word_1_55' title='bbox 519 2085 605 2167; x_wconf 81' lang='lat' dir='ltr'>elegi</span> <span class='ocrx_word' id='word_1_56' title='bbox 621 2086 749 2166; x_wconf 87' lang='lat' dir='ltr'>quidem</span> <span class='ocrx_word' id='word_1_57' title='bbox 776 2085 983 2150; x_wconf 84' lang='lat' dir='ltr'>tractandum</span> <span class='ocrx_word' id='word_1_58' title='bbox 1007 2103 1101 2150; x_wconf 89' lang='lat' dir='ltr'>usum</span> <span class='ocrx_word' id='word_1_59' title='bbox 1125 2086 1321 2165; x_wconf 89' lang='lat' dir='ltr'>praepositi·</span> 
     </span>
     <span class='ocr_line' id='line_1_8' title="bbox 139 2193 1318 2274; baseline 0.002 -18"><span class='ocrx_word' id='word_1_60' title='bbox 139 2211 255 2274; x_wconf 86' lang='lat' dir='ltr'>onum,</span> <span class='ocrx_word' id='word_1_61' title='bbox 281 2211 364 2272; x_wconf 88' lang='lat' dir='ltr'>quae</span> <span class='ocrx_word' id='word_1_62' title='bbox 400 2212 471 2258; x_wconf 89' lang='lat' dir='ltr'>oum</span> <span class='ocrx_word' id='word_1_63' title='bbox 512 2193 618 2258; x_wconf 87' lang='lat' dir='ltr'>tribus</span> <span class='ocrx_word' id='word_1_64' title='bbox 641 2193 774 2258; x_wconf 85' lang='lat' dir='ltr'>casibus</span> <span class='ocrx_word' id='word_1_65' title='bbox 801 2194 1058 2274; x_wconf 79' lang='lat' dir='ltr'>coniunguntur3</span> <span class='ocrx_word' id='word_1_66' title='bbox 1083 2194 1199 2257; x_wconf 85' lang='lat' dir='ltr'>harum</span> <span class='ocrx_word' id='word_1_67' title='bbox 1231 2194 1318 2259; x_wconf 90' lang='lat' dir='ltr'>enim</span> 
     </span>
     <span class='ocr_line' id='line_1_9' title="bbox 140 2299 1319 2382; baseline 0.003 -19"><span class='ocrx_word' id='word_1_68' title='bbox 140 2299 436 2382; x_wconf 81' lang='lat' dir='ltr'>significationibus</span> <span class='ocrx_word' id='word_1_69' title='bbox 465 2335 506 2345; x_wconf 89' lang='lat'><strong>—</strong></span> <span class='ocrx_word' id='word_1_70' title='bbox 536 2301 664 2366; x_wconf 88' lang='lat' dir='ltr'>etiamsi</span> <span class='ocrx_word' id='word_1_71' title='bbox 695 2320 714 2364; x_wconf 91' lang='lat' dir='ltr'>a</span> <span class='ocrx_word' id='word_1_72' title='bbox 746 2301 905 2365; x_wconf 86' lang='lat' dir='ltr'>communi</span> <span class='ocrx_word' id='word_1_73' title='bbox 935 2300 1131 2366; x_wconf 81' lang='lat' dir='ltr'>Graecorum</span> <span class='ocrx_word' id='word_1_74' title='bbox 1162 2318 1223 2365; x_wconf 91' lang='lat' dir='ltr'>usu</span> <span class='ocrx_word' id='word_1_75' title='bbox 1253 2319 1319 2366; x_wconf 90' lang='lat' dir='ltr'>non</span> 
     </span>
     <span class='ocr_line' id='line_1_10' title="bbox 139 2406 1320 2488; baseline 0.002 -18"><span class='ocrx_word' id='word_1_76' title='bbox 139 2425 337 2488; x_wconf 82' lang='lat' dir='ltr'>magnopere</span> <span class='ocrx_word' id='word_1_77' title='bbox 367 2408 524 2473; x_wconf 84' lang='lat' dir='ltr'>recedunt</span> <span class='ocrx_word' id='word_1_78' title='bbox 545 2444 590 2454; x_wconf 85' lang='lat'>-</span> <span class='ocrx_word' id='word_1_79' title='bbox 614 2407 795 2471; x_wconf 88' lang='lat' dir='ltr'>clarissime</span> <span class='ocrx_word' id='word_1_80' title='bbox 819 2418 956 2488; x_wconf 85' lang='lat' dir='ltr'>apparet</span> <span class='ocrx_word' id='word_1_81' title='bbox 980 2406 1151 2486; x_wconf 88' lang='lat' dir='ltr'>quodiam</span> <span class='ocrx_word' id='word_1_82' title='bbox 1181 2407 1237 2472; x_wconf 90' lang='lat' dir='ltr'>diu</span> <span class='ocrx_word' id='word_1_83' title='bbox 1260 2409 1320 2473; x_wconf 89' lang='lat' dir='ltr'>ali-</span> 
     </span>
     <span class='ocr_line' id='line_1_11' title="bbox 139 2514 1318 2597; baseline 0.003 -19"><span class='ocrx_word' id='word_1_84' title='bbox 139 2514 226 2578; x_wconf 87' lang='lat' dir='ltr'>unde</span> <span class='ocrx_word' id='word_1_85' title='bbox 251 2516 459 2580; x_wconf 87' lang='lat' dir='ltr'>obsorvatum</span> <span class='ocrx_word' id='word_1_86' title='bbox 485 2524 550 2580; x_wconf 88' lang='lat' dir='ltr'>est:</span> <span class='ocrx_word' id='word_1_87' title='bbox 582 2515 816 2594; x_wconf 81' lang='lat' dir='ltr'>Aristophanis</span> <span class='ocrx_word' id='word_1_88' title='bbox 840 2514 968 2579; x_wconf 85' lang='lat' dir='ltr'>dicendi</span> <span class='ocrx_word' id='word_1_89' title='bbox 997 2515 1158 2580; x_wconf 88' lang='lat' dir='ltr'>rationem</span> <span class='ocrx_word' id='word_1_90' title='bbox 1183 2517 1318 2597; x_wconf 88' lang='lat' dir='ltr'>propius</span> 
     </span>
     <span class='ocr_line' id='line_1_12' title="bbox 140 2608 1319 2703; baseline 0.003 -18"><span class='ocrx_word' id='word_1_91' title='bbox 140 2622 182 2686; x_wconf 89' lang='lat' dir='ltr'>ad</span> <span class='ocrx_word' id='word_1_92' title='bbox 207 2608 426 2700; x_wconf 86' lang='lat' dir='ltr'>prosaioorum</span> <span class='ocrx_word' id='word_1_93' title='bbox 456 2641 551 2702; x_wconf 91' lang='lat' dir='ltr'>quam</span> <span class='ocrx_word' id='word_1_94' title='bbox 584 2623 624 2686; x_wconf 88' lang='lat' dir='ltr'>ad</span> <span class='ocrx_word' id='word_1_95' title='bbox 654 2630 823 2703; x_wconf 88' lang='lat' dir='ltr'>poetarum</span> <span class='ocrx_word' id='word_1_96' title='bbox 847 2640 941 2686; x_wconf 90' lang='lat' dir='ltr'>usum</span> <span class='ocrx_word' id='word_1_97' title='bbox 972 2621 1136 2687; x_wconf 86' lang='lat' dir='ltr'>accedere.</span> <span class='ocrx_word' id='word_1_98' title='bbox 1183 2623 1319 2689; x_wconf 80' lang='lat' dir='ltr'>Collatia</span> 
     </span>
     <span class='ocr_line' id='line_1_13' title="bbox 139 2719 1319 2814; baseline 0 -22"><span class='ocrx_word' id='word_1_99' title='bbox 139 2729 244 2810; x_wconf 84' lang='lat' dir='ltr'>igitur</span> <span class='ocrx_word' id='word_1_100' title='bbox 267 2729 315 2794; x_wconf 91' lang='lat' dir='ltr'>eis</span> <span class='ocrx_word' id='word_1_101' title='bbox 339 2730 419 2794; x_wconf 82' lang='lat' dir='ltr'>loris</span> <span class='ocrx_word' id='word_1_102' title='bbox 445 2730 562 2810; x_wconf 89' lang='lat' dir='ltr'>quibus</span> <span class='ocrx_word' id='word_1_103' title='bbox 585 2737 696 2795; x_wconf 86' lang='lat' dir='ltr'>exstat</span> <span class='ocrx_word' id='word_1_104' title='bbox 728 2719 787 2790; x_wconf 78' lang='grc' dir='ltr'>ἐπί</span> <span class='ocrx_word' id='word_1_105' title='bbox 808 2723 894 2808; x_wconf 74' lang='grc' dir='ltr'>μετά</span> <span class='ocrx_word' id='word_1_106' title='bbox 917 2723 1012 2810; x_wconf 78' lang='grc' dir='ltr'><em>παρά</em></span> <span class='ocrx_word' id='word_1_107' title='bbox 1035 2731 1116 2813; x_wconf 82' lang='grc' dir='ltr'><em>περί</em></span> <span class='ocrx_word' id='word_1_108' title='bbox 1138 2725 1223 2814; x_wconf 80' lang='grc' dir='ltr'><strong><em>πρός</em></strong></span> <span class='ocrx_word' id='word_1_109' title='bbox 1252 2723 1319 2792; x_wconf 77' lang='grc' dir='ltr'>ὑπό</span> 
     </span>
     <span class='ocr_line' id='line_1_14' title="bbox 140 2835 1180 2919; baseline 0.002 -20"><span class='ocrx_word' id='word_1_110' title='bbox 140 2837 290 2901; x_wconf 89' lang='lat' dir='ltr'>notiones</span> <span class='ocrx_word' id='word_1_111' title='bbox 314 2836 518 2919; x_wconf 82' lang='lat' dir='ltr'>singularum</span> <span class='ocrx_word' id='word_1_112' title='bbox 542 2837 820 2918; x_wconf 87' lang='lat' dir='ltr'>praepositionum</span> <span class='ocrx_word' id='word_1_113' title='bbox 844 2835 1050 2901; x_wconf 85' lang='lat' dir='ltr'>considerare</span> <span class='ocrx_word' id='word_1_114' title='bbox 1073 2836 1180 2902; x_wconf 86' lang='lat' dir='ltr'>lioeat.</span> 
     </span>
    </p>
   </div>
   <div class='ocr_carea' id='block_1_2' title="bbox 0 0 1426 4854">
    <p class='ocr_par' dir='ltr' id='par_1_2' title="bbox 0 0 1426 4854">
     <span class='ocr_line' id='line_1_15' title="bbox 0 0 1426 4854; baseline 0 1"><span class='ocrx_word' id='word_1_115' title='bbox 0 0 1426 4854; x_wconf 95' lang='lat' dir='ltr'> </span> 
     </span>
    </p>
   </div>
  </div>
 </body>
</html>
