2842 4854
571 365 792 423 ..46-

178 551 306 619 Thesm.
332 560 405 619 261.
428 550 570 635 λάμβαν’
594 545 662 617 άπὸ
686 555 741 638 τῆς
765 555 914 626 κλινίδος.

180 660 263 726 Ran.
291 666 385 726 1354.
410 656 538 743 δάκρυά
561 660 588 724 τ’
612 653 670 724 ἀπ’
696 654 856 741 ἀμμάτων
879 659 1039 745 (ἔβαλον).

106 766 149 852 4)
172 767 298 834 Tricies
322 760 392 831 ἀπό
414 768 554 849 aliquem
571 771 612 834 ab
637 768 747 850 aliquo
762 771 833 836 loco
850 771 902 836 vel
918 771 1028 851 aliqua
1044 790 1080 836 re
1098 773 1275 852 abstineri,

174 877 344 957 removeri,
369 876 502 956 auferri,
527 879 619 943 abire
642 878 737 942 simil,
762 879 931 959 exprimit:

180 984 259 1050 Aah.
285 990 358 1048 864.
384 980 414 1044 οἱ
438 963 556 1067 σφῆκες
580 976 639 1046 οὐκ
664 975 733 1046 ἀπὸ
761 987 822 1045 τῶν
848 989 975 1064 θερῶν;

265 1096 361 1157 1023.
386 1085 454 1153 ἀπὸ
481 1091 587 1174 Φαλῆς
612 1087 730 1172 ἔλαβον
754 1091 782 1151 ολ
809 1088 971 1154 Βοιώτιοι.

175 1200 261 1279 Equ.
310 1204 360 1262 20.
384 1190 451 1260 ἀλλ’
475 1182 552 1280 εὗρέ
571 1199 632 1260 τιν’
656 1189 824 1260 ἀπόκινον
847 1193 915 1261 ἀπὸ
939 1201 997 1260 τοῦ
1021 1194 1199 1262 δεσπότου.

288 1310 361 1369 728.
386 1299 445 1366 οὐκ
470 1301 561 1367 ἄπιτ’
586 1295 652 1367 ἀπὸ
676 1306 731 1390 τῆς
755 1302 874 1388 θύρας

287 1417 359 1477 744.
384 1404 442 1474 ἀπ’
468 1409 677 1496 ἐργαστηρίου
702 1408 772 1496 (τήν
797 1410 935 1493 χύτραν)
960 1409 1158 1500 ὑφειλόμην.

267 1525 360 1584 1159,
385 1515 465 1600 άφες
488 1511 559 1581 ἀπὸ
583 1520 747 1599 βαλβίδων
771 1517 832 1599 ἐμέ
854 1542 887 1582 τε
912 1523 966 1583 καὶ
991 1526 1137 1584 τουτονί.

265 1632 359 1691 1296.
384 1620 443 1688 οάκ
468 1622 510 1689 ἄν
535 1621 684 1699 ἐξελθεῖν
708 1619 777 1689 άπὸ
801 1630 856 1711 τῆς
879 1624 1007 1714 σιπάης.

178 1735 262 1800 Nub.
288 1740 361 1798 278.
385 1726 443 1796 ἀπ’
467 1727 623 1796 Ὠκεανοῦ
646 1739 825 1816 βαρυαχέος
849 1742 905 1816 (sc.
929 1729 1105 1818 ἀρθῶμεν)

265 1847 359 1905 1254.
383 1839 519 1923 (οὔκουν
626 1837 889 1924 ἀπολιταργιεῖς)
913 1839 982 1906 ἀπὸ
1006 1848 1062 1928 τῖγς
1085 1840 1210 1930 θύρας

263 1955 357 2013 1296.
376 1943 442 2010 οὐκ
466 1940 659 2021 ἀποδιῶξεις
682 1946 802 2011 σαυτὸν
826 1943 896 2012 ἀπὸ
920 1955 974 2035 τῆς
999 1947 1119 2027 οἰκίας;

173 2057 277 2136 'Vesp.
303 2063 353 2121 51.
378 2048 434 2135 ἀφ’
459 2048 550 2133 ἀμῶν
575 2052 606 2125 ἐς
629 2050 770 2136 κόρακας
794 2053 971 2142 οἰχήσεται.

280 2168 357 2228 456.
381 2170 501 2228 παῖε..
516 2213 541 2226 ..
558 2158 634 2232 τοὺς
657 2167 780 2244 σφῖκας
802 2158 872 2226 ἀπὸ
896 2169 951 2235 τῖς
974 2168 1086 2234 οικῖας.

281 2276 354 2335 601.
380 2274 502 2352 σκέψαι
527 2262 624 2332 δ’ἀπό
649 2272 713 2332 τῶν
736 2262 871 2350 ἀγαθῶν
895 2272 972 2334 οἴων
1001 2266 1195 2345 ἀποκλείεις
1217 2273 1264 2334 καὶ

1024 2379 1226 2463 κατερύκεις.

282 2488 355 2548 883.
379 2476 449 2545 ἀπὸ
473 2488 528 2568 τῆς
553 2479 644 2568 ἀρχῆς
667 2482 740 2567 (τλν
763 2478 934 2571 ἀκαλήφην
957 2479 1168 2571 ἀφελέσθαι).

174 2593 255 2657 Pac.
282 2595 353 2655 159.
377 2589 421 2652 ἵει
444 2588 564 2653 σαυτὸν
587 2596 722 2675 θαρρῶν
745 2586 814 2655 ἀπὸ
840 2597 901 2678 γης.

279 2698 349 2762 162.
372 2690 441 2760 ἀπὸ
465 2703 527 2776 μέν
551 2695 673 2784 κάκκης
696 2696 755 2783 τὴν
780 2703 841 2778 ρῖν’
865 2695 1007 2779 ἀπέχων,

277 2807 348 2868 163.
372 2798 441 2866 άπὸ
466 2805 492 2867 δ
517 2799 680 2887 ῖμερινῶν
703 2810 807 2882 σίτων,
833 2804 978 2871 πάντων.

254 2917 348 2976 1053.
373 2907 493 2990 κᾶπαγ’
518 2908 588 2974 ἀπὸ
613 2914 667 2996 τῆς
691 2904 817 2993 ἀσφάος.

257 3023 350 3084 1221.
373 3014 515 3100 ἀπόφερ’
539 3016 570 3089 ἐς
594 3016 737 3102 κόρακας
760 3015 826 3083 ἀπὸ
850 3025 904 3107 τῆς
929 3019 1041 3093 οἰκίας,

178 3130 241 3194 Av.
266 3132 340 3191 893.
364 3122 486 3188 ἄπελθ’
510 3119 566 3208 ἀφ’
590 3120 682 3205 ἀμῶν
706 3130 760 3190 καὶ
782 3124 821 3191 σύ
845 3126 962 3193 καὶτὰ
987 3135 1167 3210 στέμματα.

180 3236 258 3316 Lys.
283 3239 357 3297 539.
381 3226 534 3312 άπαίρετ’
552 3288 557 3298 .
572 3287 577 3298 .
590 3285 616 3298 ..
633 3230 700 3298 ἀπὸ
724 3240 788 3298 τῶν
812 3238 991 3303 καλπίδων.

281 3346 355 3404 719.
382 3332 558 3417 (ἀποσχεῖν
583 3334 696 3426 αὐτάς)
721 3338 793 3406 ἀπό
815 3347 880 3406 τῶν
903 3340 1041 3425 ἀνδρῶν,

262 3453 355 3511 1001.
380 3438 534 3509 ἀπτ’λαον
557 3445 616 3519 τῶς
639 3447 757 3530 ἄνδρας
780 3443 849 3514 ἀπὸ
874 3456 938 3514 τῶν
963 3446 1117 3518 ὑσσάκων.

176 3555 307 3620 Thesm.
333 3556 406 3617 691.
443 3549 495 3636 (τὸ
532 3559 684 3634 παιδίον)
719 3554 903 3640 ἐξαρπάσας
937 3582 996 3638 μοι
1104 3553 1175 3623 ἀπὸ
1211 3565 1272 3625 τοῦ

1082 3672 1228 3734 τιτθίον.

329 3773 404 3832 827.
439 3760 508 3830 ἀπὸ
523 3771 596 3831 ’τῶν
621 3767 716 3850 ὤμων
740 3769 910 3855 (ἔρριπται
934 3770 971 3837 τὸ
996 3772 1191 3858 σκιάδειον).

180 3876 263 3941 Ran.
288 3880 361 3938 852.
386 3866 455 3936 ἀπὸ
480 3877 543 3938 τῶν
567 3877 710 3954 χαλαζῶν
790 3876 902 3962 (ἄναγε
926 3877 1064 3943 σεαυτὸν
1093 3879 1271 3968 ἐκποδῶν).

291 3986 365 4046 962.
390 3973 459 4043 ἀπὸ
483 3985 543 4046 ἰοῦ
567 3993 706 4066 φρονεῖν
728 3979 933 4059 ἀποσπάσας.

180 4090 267 4155 Plut.
293 4093 343 4153 66.
367 4079 628 4173 ἀπαλλάχθητον
651 4085 709 4154 ἀπ’
734 4090 823 4172 ἐμοῦ.

269 4202 344 4263 604.
369 4194 435 4279 εἴρητ’
460 4194 491 4268 ἐς
514 4193 654 4279 κόρακας
677 4204 803 4268 θᾶττον
826 4194 880 4284 ἀφ’
904 4197 1004 4287 ἡμῶν.

270 4309 342 4367 678.
368 4290 619 4386 (ἀφαρπάζοντα
653 4301 710 4375 τάς
742 4303 886 4392 ἰσχάδας)
921 4296 988 4373 άπὸ
1020 4314 1074 4396 τῆς
1110 4314 1275 4403 τραπέζης

1047 4421 1103 4491 τῖς
1126 4419 1228 4507 ἱερᾶς.
