2842 4854
539 347 757 406 ..24-

259 541 352 602 1143.
376 535 425 599 ἴτε
450 589 456 602 .
482 589 487 601 .
512 588 518 598 .
544 588 550 602 .
575 530 633 601 ἐπὶ
655 534 820 621 στρατιάν.

146 643 243 724 Vesp.
268 649 341 708 321.
365 635 473 706 ε’λθών
496 636 555 707 ἐπὶ
576 640 651 716 τούς
674 646 853 716 καδίσκους.

273 757 346 815 854.
370 757 436 813 ποῖ
455 755 544 826 οεῖς;
569 743 628 815 ε’πὶ
651 753 830 824 καδίσκους.

275 864 348 923 087.
373 850 431 921 ἐπὶ
454 855 512 922 τὸν
538 851 673 942 ὕστερον
698 862 754 942 (εν.
778 857 890 940 κάδον)
914 864 1073 946 παρᾷξον,

254 968 348 1030 1005.
372 963 472 1048 (ἄγων
495 977 541 1043 σε)
566 958 624 1029 ε’πὶ
649 967 798 1033 δεῖπνον.

253 1078 347 1137 1250.
371 1065 429 1136 ε’πὶ
454 1074 593 1136 δεῖπνον
617 1123 624 1139 .
649 1124 656 1137 .
680 1126 686 1138 .
710 1072 796 1153 ἴμεν.

145 1182 219 1246 Pae.
247 1186 341 1245 1192.
364 1172 422 1243 ε’πὶ
446 1181 584 1244 δεῖπνον
608 1161 690 1265 ἦλθ’.

253 1293 348 1353 1207.
373 1286 502 1372 (εἴσιτε)
526 1280 584 1351 ἕπὶ
608 1289 755 1352 δεῖπνον.

147 1398 208 1460 AV.
235 1403 306 1461 129.
330 1387 389 1460 ε’πὶ
411 1391 471 1481 τὴν
496 1393 606 1479 θύραν
631 1445 764 1462 .....
789 1389 905 1462 ἐλθών.

228 1510 302 1569 250.
326 1496 384 1566 ἐπὶ
408 1500 548 1566 πόντιον
571 1495 670 1583 οἶδμα
696 1501 860 1590 θαλάσσης
883 1507 1065 1590 (ποτᾶται).

230 1617 306 1677 292.
328 1601 356 1696 η’
380 1613 420 1675 πὶ
442 1607 501 1674 τὸν
527 1612 663 1675 δίαυλον
686 1592 808 1697 {wem

231 1724 305 1783 890.
329 1711 389 1781 ἐπὶ
412 1726 512 1781 ποῖον
537 1716 660 1803 ἱερεῖον
684 1719 808 1793 καλεῐς;

210 1829 304 1891 1287.
329 1817 485 1889 ἐπέτονθ’
510 1823 615 1890 ἕωθεν
638 1877 646 1892 .
670 1877 676 1893 .
701 1877 707 1891 .
733 1819 790 1889 ε’πὶ
814 1824 929 1907 νομόν.

210 1939 305 1998 1602.
329 1925 382 1995 ἐπ’
407 1929 541 2016 ἄριστον
565 1934 662 1999 καλῶ.

213 2046 306 2107 1787.
332 2035 484 2121 (ἕπεσθε)
507 2032 567 2102 ἒπί
580 2061 616 2102 τε
631 2040 734 2102 πέδον
751 2035 830 2111 Διὸς
846 2042 900 2103 καὶ
916 2041 1009 2119 λέχος
1025 2039 1187 2129 γαμήλιον.

150 2147 226 2230 LyS.
254 2153 280 2212 1.
307 2140 460 2210 ἐκάλεσεν
484 2139 504 2222 ἢ
527 2139 553 2217 ’ς
576 2143 688 2218 Πανὸς
711 2138 731 2231 ἢ
755 2139 805 2210 ’πὶ
831 2145 977 2213 Κωλιάδ’.

218 2261 291 2320 665.
315 2246 374 2318 ε’πὶ
398 2251 611 2340 Λειψύδριον
634 2250 791 2339 ἤλθομεν,

218 2369 291 2428 737.
316 2358 373 2425 ε’πὶ
396 2356 456 2447 τὴν
480 2358 623 2446 ἄμοργιν
645 2358 706 2448 τὴν
729 2359 861 2426 ἄλοπον
883 2359 1054 2448 ἐξέρχεται.

143 2471 274 2536 Thesm.
300 2476 372 2535 728.
396 2468 498 2549 ἴωμεν
522 2465 580 2533 ἐπὶ
602 2465 660 2542 τάς
683 2471 890 2556 κληματίδας.

297 2583 370 2643 919.
395 2573 453 2640 ἐπὶ
478 2573 637 2664 Σπάρτην
661 2574 761 2658 ἄγειν.

148 2684 231 2750 Ran.
258 2690 328 2749 137.
354 2680 411 2746 ε’πὶ
435 2685 557 2771 λίμνην
580 2681 726 2770 μεγαίλην
750 2677 841 2769 ἥξεις.

256 2801 327 2859 168.
352 2793 381 2876 *)
406 2786 493 2866 ὅστις
516 2791 574 2858 ἐπὶ
596 2796 684 2858 τοῦτ’
708 2791 848 2879 ἔρχεται.

254 2907 326 2966 180.
350 2905 506 2982 χωρῶμεν
530 2897 588 2964 ἐπὶ
610 2897 648 2965 τὸ
672 2903 802 2968 πλοῖον.

254 3013 327 3072 187.
352 2999 371 3090 ἢ
395 3007 418 3078 ’ς
441 3004 585 3091 κόρακας
608 3003 628 3093 ἠ
651 3010 701 3072 ’πὶ
728 3013 906 3095 Ταίναρον.

252 3120 325 3179 351.
350 3111 430 3193 ἔξαγ’
455 3112 506 3178 ἐπ’
531 3107 683 3203 οἷνδηρόν
707 3112 815 3181 ἕλειον
839 3113 987 3182 δάπεδον
1012 3110 1135 3204 (ἥβαν).

250 3228 326 3287 436.
350 3217 402 3284 ἐπ’
428 3214 530 3308 αὐτην
553 3219 613 3307 τὴν
636 3220 747 3309 θύραν
771 3217 959 3307 ἀφιγμένος.

231 3335 327 3394 1366.
351 3325 408 3391 ἐπὶ
431 3325 490 3392 τὸν
513 3326 667 3412 σταθμὸν
691 3328 751 3417 γὰρ
776 3325 878 3396 αὐτὸν
901 3325 1035 3413 α’γαγεῐν
1058 3330 1237 3415 βούλομαι.

152 3436 237 3502 ΕααΙ.
264 3443 336 3502 348.
361 3433 414 3500 ἐπ’
438 3434 574 3523 ἄριστον
597 3436 676 3526 γυνὴ
701 3441 894 3526 (κέκληκεν).

255 3552 329 3612 652.
354 3555 468 3631 γωρεῐν
492 3544 550 3612 ἐπὶ
574 3550 721 3624 δεῖπνον.

257 3659 330 3719 684.
356 3650 414 3718 ἐπὶ
437 3651 496 3740 τὴν
519 3632 635 3720 στοιὰν
658 3649 869 3725 οἷκολονθεῖν.

235 3762 328 3826 1001.
353 3758 414 3837 ἄξω
438 3759 524 3827 σ’ἕπὶ
546 3758 636 3844 τιλμοὶ
660 3761 844 3849 στρώματα.

254 3874 329 3933 856.
353 3878 418 3933 ποῖ
437 3873 574 3954 βαδιεῖς;
599 3867 657 3935 ἐπὶ
680 3874 827 3937 δεῖπνον.

234 3981 328 4045 1128.
354 3971 404 4041 ὁδὶ
428 3976 488 4063 γαρ
513 3976 571 4043 ἐπὶ
593 3977 631 4043 τὸ
656 3982 796 4043 δεῖπνον
820 3976 960 4063 ἔρχεται.

235 4086 329 4150 1135.
353 4080 411 4148 ἐπὶ
433 4083 471 4148 τὸ
497 4088 637 4150 δεῖπνον
657 4082 806 4169 ἔρχομαι.

53 4210 269 4218 ⁴--—---··.—·—

119 4260 145 4331 *)
163 4260 259 4314 Kockii
288 4262 440 4316 coniectura
468 4264 590 4330 quamvis
618 4262 711 4317 subtili
736 4260 781 4318 ἐπὶ
810 4263 896 4318 πλοῦν
921 4263 965 4318 vel
992 4262 1037 4320 ἐπὶ
1063 4258 1146 4336 Στίγ’
1180 4280 1236 4320 non

166 4366 232 4418 opus
245 4357 294 4418 est,
308 4351 331 4404 si
343 4351 378 4404 ad
391 4351 468 4406 τοῦτο
482 4351 605 4406 audimus
617 4347 646 4408 τὸ
661 4356 771 4427 χωρίον,
791 4353 875 4408 itaut
888 4352 933 4409 ἐπι·
946 4341 1018 4408 τοῦτ’
1031 4352 1122 4407 valeat
1135 4353 1235 4421 ,‚huc“.
