<?xml version="1.0" encoding="UTF-8"?>
<!DOCTYPE html PUBLIC "-//W3C//DTD XHTML 1.0 Transitional//EN"
    "http://www.w3.org/TR/xhtml1/DTD/xhtml1-transitional.dtd">
<html xmlns="http://www.w3.org/1999/xhtml" xml:lang="en" lang="en">
 <head>
  <title>
</title>
<meta http-equiv="Content-Type" content="text/html;charset=utf-8" />
  <meta name='ocr-system' content='tesseract 3.04.00' />
  <meta name='ocr-capabilities' content='ocr_page ocr_carea ocr_par ocr_line ocrx_word'/>
</head>
<body>
  <div class='ocr_page' id='page_1' title='image "./devietusupraepo00iltzgoog_0017.png"; bbox 0 0 2842 4854; ppageno 0'>
   <div class='ocr_carea' id='block_1_1' title="bbox 601 387 819 444">
    <p class='ocr_par' dir='ltr' id='par_1_1' title="bbox 601 387 819 444">
     <span class='ocr_line' id='line_1_1' title="bbox 601 387 819 444; baseline 0.014 -19"><span class='ocrx_word' id='word_1_1' title='bbox 601 387 819 444; x_wconf 77' lang='lat'>..12-</span> 
     </span>
    </p>
   </div>
   <div class='ocr_carea' id='block_1_2' title="bbox 121 555 1308 2463">
    <p class='ocr_par' dir='ltr' id='par_1_2' title="bbox 230 555 953 662">
     <span class='ocr_line' id='line_1_2' title="bbox 230 555 953 662; baseline 0 -25"><span class='ocrx_word' id='word_1_2' title='bbox 230 563 319 637; x_wconf 69' lang='grc' dir='ltr'><strong><em>ἔστιν</em></strong></span> <span class='ocrx_word' id='word_1_3' title='bbox 343 555 402 636; x_wconf 83' lang='grc' dir='ltr'>οόν</span> <span class='ocrx_word' id='word_1_4' title='bbox 425 575 648 656; x_wconf 81' lang='grc' dir='ltr'><strong><em>παροιμιῶδες</em></strong></span> <span class='ocrx_word' id='word_1_5' title='bbox 671 567 730 639; x_wconf 75' lang='grc' dir='ltr'><strong><em>ε’πὶ</em></strong></span> <span class='ocrx_word' id='word_1_6' title='bbox 753 579 953 662; x_wconf 80' lang='grc' dir='ltr'><strong><em>Χαριξένης),</em></strong></span> 
     </span>
    </p>

    <p class='ocr_par' dir='ltr' id='par_1_3' title="bbox 123 677 1308 1303">
     <span class='ocr_line' id='line_1_3' title="bbox 231 677 1300 767; baseline -0.001 -20"><span class='ocrx_word' id='word_1_7' title='bbox 231 682 422 747; x_wconf 89' lang='lat' dir='ltr'>Addendum</span> <span class='ocrx_word' id='word_1_8' title='bbox 447 681 587 747; x_wconf 84' lang='lat' dir='ltr'>fortasse</span> <span class='ocrx_word' id='word_1_9' title='bbox 619 683 717 748; x_wconf 87' lang='lat' dir='ltr'>etiam</span> <span class='ocrx_word' id='word_1_10' title='bbox 742 685 827 763; x_wconf 91' lang='lat' dir='ltr'>qnod</span> <span class='ocrx_word' id='word_1_11' title='bbox 851 684 938 765; x_wconf 90' lang='lat' dir='ltr'>apud</span> <span class='ocrx_word' id='word_1_12' title='bbox 964 686 1159 767; x_wconf 89' lang='lat' dir='ltr'>Heschyinm</span> <span class='ocrx_word' id='word_1_13' title='bbox 1185 705 1215 750; x_wconf 85' lang='lat' dir='ltr'>v.</span> <span class='ocrx_word' id='word_1_14' title='bbox 1241 677 1300 747; x_wconf 79' lang='grc' dir='ltr'>ἐπὶ</span> 
     </span>
     <span class='ocr_line' id='line_1_4' title="bbox 125 780 1300 878; baseline 0.001 -25"><span class='ocrx_word' id='word_1_15' title='bbox 125 789 293 874; x_wconf 82' lang='grc' dir='ltr'><strong><em>Φαληνίοο</em></strong></span> <span class='ocrx_word' id='word_1_16' title='bbox 319 789 454 871; x_wconf 80' lang='lat' dir='ltr'>legitur:</span> <span class='ocrx_word' id='word_1_17' title='bbox 491 780 547 851; x_wconf 76' lang='grc' dir='ltr'>ἐπὶ</span> <span class='ocrx_word' id='word_1_18' title='bbox 583 790 761 876; x_wconf 81' lang='grc' dir='ltr'><strong><em>Φαληνίοο.</em></strong></span> <span class='ocrx_word' id='word_1_19' title='bbox 815 785 874 853; x_wconf 82' lang='grc' dir='ltr'>τὸν</span> <span class='ocrx_word' id='word_1_20' title='bbox 909 783 1111 878; x_wconf 71' lang='grc' dir='ltr'><em>Ἀλκιβιάδην</em></span> <span class='ocrx_word' id='word_1_21' title='bbox 1145 794 1243 878; x_wconf 81' lang='grc' dir='ltr'><strong><em>φησὶν</em></strong></span> <span class='ocrx_word' id='word_1_22' title='bbox 1282 786 1300 854; x_wconf 84' lang='grc' dir='ltr'><strong><em>ὀ</em></strong></span> 
     </span>
     <span class='ocr_line' id='line_1_5' title="bbox 123 887 1308 983; baseline 0.003 -24"><span class='ocrx_word' id='word_1_23' title='bbox 123 889 323 978; x_wconf 72' lang='grc' dir='ltr'><strong><em>Ἀρίσταρχος</em></strong></span> <span class='ocrx_word' id='word_1_24' title='bbox 360 887 418 958; x_wconf 79' lang='grc' dir='ltr'><strong><em>ε’πὶ</em></strong></span> <span class='ocrx_word' id='word_1_25' title='bbox 459 896 627 981; x_wconf 79' lang='grc' dir='ltr'><strong><em>Φαληνίοο</em></strong></span> <span class='ocrx_word' id='word_1_26' title='bbox 669 899 873 982; x_wconf 75' lang='grc' dir='ltr'><strong><em>γεγενῆσθαι,</em></strong></span> <span class='ocrx_word' id='word_1_27' title='bbox 913 895 1069 962; x_wconf 80' lang='grc' dir='ltr'><strong><em>σκώπτων</em></strong></span> <span class='ocrx_word' id='word_1_28' title='bbox 1108 895 1200 983; x_wconf 75' lang='grc' dir='ltr'><strong><em>παρὰ</em></strong></span> <span class='ocrx_word' id='word_1_29' title='bbox 1239 896 1308 962; x_wconf 86' lang='grc' dir='ltr'><strong><em>τὸν·</em></strong></span> 
     </span>
     <span class='ocr_line' id='line_1_6' title="bbox 123 995 1299 1095; baseline 0.005 -29"><span class='ocrx_word' id='word_1_30' title='bbox 123 999 264 1089; x_wconf 79' lang='grc' dir='ltr'>μα’λητα·</span> <span class='ocrx_word' id='word_1_31' title='bbox 293 995 475 1087; x_wconf 79' lang='grc' dir='ltr'><strong><em>ἕπασχνμία</em></strong></span> <span class='ocrx_word' id='word_1_32' title='bbox 504 998 564 1085; x_wconf 80' lang='grc' dir='ltr'>γὰρ</span> <span class='ocrx_word' id='word_1_33' title='bbox 592 997 624 1086; x_wconf 87' lang='grc' dir='ltr'>(ὀ</span> <span class='ocrx_word' id='word_1_34' title='bbox 649 999 773 1088; x_wconf 79' lang='grc' dir='ltr'>μαλής).</span> <span class='ocrx_word' id='word_1_35' title='bbox 820 1006 870 1070; x_wconf 87' lang='lat' dir='ltr'>Ibi</span> <span class='ocrx_word' id='word_1_36' title='bbox 894 1006 979 1071; x_wconf 86' lang='lat' dir='ltr'>enim</span> <span class='ocrx_word' id='word_1_37' title='bbox 1008 1007 1119 1095; x_wconf 69' lang='lat' dir='ltr'>Relsk.</span> <span class='ocrx_word' id='word_1_38' title='bbox 1144 1015 1178 1071; x_wconf 79' lang='lat' dir='ltr'>et</span> <span class='ocrx_word' id='word_1_39' title='bbox 1200 1007 1299 1072; x_wconf 90' lang='lat' dir='ltr'>Dind.</span> 
     </span>
     <span class='ocr_line' id='line_1_7' title="bbox 124 1104 1299 1195; baseline 0.001 -20"><span class='ocrx_word' id='word_1_40' title='bbox 124 1130 183 1192; x_wconf 77' lang='lat' dir='ltr'>pio</span> <span class='ocrx_word' id='word_1_41' title='bbox 200 1110 327 1175; x_wconf 89' lang='lat' dir='ltr'>nomine</span> <span class='ocrx_word' id='word_1_42' title='bbox 344 1110 528 1174; x_wconf 81' lang='lat' dir='ltr'>Aristarchi</span> <span class='ocrx_word' id='word_1_43' title='bbox 546 1110 750 1176; x_wconf 78' lang='lat' dir='ltr'>scribendum</span> <span class='ocrx_word' id='word_1_44' title='bbox 775 1130 846 1177; x_wconf 88' lang='lat' dir='ltr'>csse</span> <span class='ocrx_word' id='word_1_45' title='bbox 870 1114 1028 1194; x_wconf 87' lang='lat' dir='ltr'>suspicati</span> <span class='ocrx_word' id='word_1_46' title='bbox 1045 1122 1134 1178; x_wconf 91' lang='lat' dir='ltr'>sunt:</span> <span class='ocrx_word' id='word_1_47' title='bbox 1160 1104 1299 1195; x_wconf 75' lang='grc' dir='ltr'><strong><em>Ἀριστο-</em></strong></span> 
     </span>
     <span class='ocr_line' id='line_1_8' title="bbox 126 1214 238 1303; baseline 0 -21"><span class='ocrx_word' id='word_1_48' title='bbox 126 1214 238 1303; x_wconf 79' lang='grc' dir='ltr'><strong><em>φάνης.</em></strong></span> 
     </span>
    </p>

    <p class='ocr_par' dir='ltr' id='par_1_4' title="bbox 229 1327 403 1390">
     <span class='ocr_line' id='line_1_9' title="bbox 229 1327 403 1390; baseline -0.017 0"><span class='ocrx_word' id='word_1_49' title='bbox 229 1327 267 1390; x_wconf 83' lang='grc' dir='ltr'>Ιιι</span> <span class='ocrx_word' id='word_1_50' title='bbox 293 1343 403 1388; x_wconf 83' lang='lat' dir='ltr'>versu:</span> 
     </span>
    </p>

    <p class='ocr_par' dir='ltr' id='par_1_5' title="bbox 260 1420 1298 1515">
     <span class='ocr_line' id='line_1_10' title="bbox 260 1420 1298 1515; baseline -0.001 -19"><span class='ocrx_word' id='word_1_51' title='bbox 260 1434 321 1496; x_wconf 84' lang='lat' dir='ltr'>Av.</span> <span class='ocrx_word' id='word_1_52' title='bbox 347 1437 419 1495; x_wconf 74' lang='lat'><strong>544.</strong></span> <span class='ocrx_word' id='word_1_53' title='bbox 444 1432 597 1515; x_wconf 80' lang='grc' dir='ltr'>(πατέρες</span> <span class='ocrx_word' id='word_1_54' title='bbox 627 1427 722 1503; x_wconf 84' lang='grc' dir='ltr'>τοὶςόε</span> <span class='ocrx_word' id='word_1_55' title='bbox 754 1428 811 1504; x_wconf 76' lang='grc' dir='ltr'>τὰς</span> <span class='ocrx_word' id='word_1_56' title='bbox 841 1429 941 1512; x_wconf 80' lang='grc' dir='ltr'><strong><em>τιμὰς</em></strong></span> <span class='ocrx_word' id='word_1_57' title='bbox 973 1456 1009 1498; x_wconf 94' lang='grc'>.·.</span> <span class='ocrx_word' id='word_1_58' title='bbox 1036 1485 1042 1497; x_wconf 90' lang='grc'><strong>.</strong></span> <span class='ocrx_word' id='word_1_59' title='bbox 1067 1487 1073 1499; x_wconf 93' lang='grc'>.</span> <span class='ocrx_word' id='word_1_60' title='bbox 1098 1435 1110 1512; x_wconf 70' lang='lat' dir='ltr'>l</span> <span class='ocrx_word' id='word_1_61' title='bbox 1135 1420 1187 1496; x_wconf 63' lang='grc' dir='ltr'>ἐπ’</span> <span class='ocrx_word' id='word_1_62' title='bbox 1216 1425 1298 1513; x_wconf 78' lang='grc' dir='ltr'>ἐμοῦ</span> 
     </span>
    </p>

    <p class='ocr_par' dir='ltr' id='par_1_6' title="bbox 444 1538 1124 1624">
     <span class='ocr_line' id='line_1_11' title="bbox 444 1538 1124 1624; baseline 0.012 -26"><span class='ocrx_word' id='word_1_63' title='bbox 444 1538 622 1601; x_wconf 77' lang='grc' dir='ltr'><strong><em>κατέλυσαν</em></strong></span> <span class='ocrx_word' id='word_1_64' title='bbox 647 1539 708 1622; x_wconf 87' lang='lat' dir='ltr'>(sic</span> <span class='ocrx_word' id='word_1_65' title='bbox 731 1540 812 1606; x_wconf 86' lang='lat' dir='ltr'>Ran.</span> <span class='ocrx_word' id='word_1_66' title='bbox 837 1541 915 1604; x_wconf 87' lang='lat' dir='ltr'>Ven.</span> <span class='ocrx_word' id='word_1_67' title='bbox 940 1541 996 1605; x_wconf 91' lang='lat' dir='ltr'>alii</span> <span class='ocrx_word' id='word_1_68' title='bbox 1021 1541 1124 1624; x_wconf 87' lang='lat' dir='ltr'>codd.)</span> 
     </span>
    </p>

    <p class='ocr_par' dir='ltr' id='par_1_7' title="bbox 121 1638 1307 2463">
     <span class='ocr_line' id='line_1_12' title="bbox 121 1638 1299 1730; baseline 0.003 -20"><span class='ocrx_word' id='word_1_69' title='bbox 121 1646 218 1710; x_wconf 90' lang='lat' dir='ltr'>lectio</span> <span class='ocrx_word' id='word_1_70' title='bbox 252 1647 326 1710; x_wconf 90' lang='lat' dir='ltr'>Par.</span> <span class='ocrx_word' id='word_1_71' title='bbox 351 1650 388 1712; x_wconf 88' lang='lat' dir='ltr'>A.</span> <span class='ocrx_word' id='word_1_72' title='bbox 425 1638 477 1709; x_wconf 76' lang='grc' dir='ltr'>ἐπ’</span> <span class='ocrx_word' id='word_1_73' title='bbox 507 1642 584 1725; x_wconf 81' lang='grc' dir='ltr'>ἐμοί</span> <span class='ocrx_word' id='word_1_74' title='bbox 617 1647 728 1728; x_wconf 87' lang='lat' dir='ltr'>(Dind.</span> <span class='ocrx_word' id='word_1_75' title='bbox 753 1648 854 1713; x_wconf 85' lang='lat' dir='ltr'>Kock.</span> <span class='ocrx_word' id='word_1_76' title='bbox 882 1648 997 1730; x_wconf 90' lang='lat' dir='ltr'>Blayd.</span> <span class='ocrx_word' id='word_1_77' title='bbox 1022 1651 1175 1729; x_wconf 85' lang='lat' dir='ltr'>probata)</span> <span class='ocrx_word' id='word_1_78' title='bbox 1206 1668 1299 1728; x_wconf 89' lang='lat' dir='ltr'>prae-</span> 
     </span>
     <span class='ocr_line' id='line_1_13' title="bbox 122 1754 1307 1838; baseline 0.003 -20"><span class='ocrx_word' id='word_1_79' title='bbox 122 1754 256 1819; x_wconf 71' lang='lat' dir='ltr'>ferenda</span> <span class='ocrx_word' id='word_1_80' title='bbox 287 1766 347 1819; x_wconf 90' lang='lat' dir='ltr'>est.</span> <span class='ocrx_word' id='word_1_81' title='bbox 393 1754 587 1823; x_wconf 82' lang='lat' dir='ltr'>Rectissime</span> <span class='ocrx_word' id='word_1_82' title='bbox 618 1756 703 1819; x_wconf 87' lang='lat' dir='ltr'>enim</span> <span class='ocrx_word' id='word_1_83' title='bbox 735 1755 830 1820; x_wconf 88' lang='lat' dir='ltr'>Joan.</span> <span class='ocrx_word' id='word_1_84' title='bbox 855 1755 984 1836; x_wconf 75' lang='lat' dir='ltr'>Seager.</span> <span class='ocrx_word' id='word_1_85' title='bbox 1013 1755 1066 1838; x_wconf 82' lang='lat' dir='ltr'>(ci.</span> <span class='ocrx_word' id='word_1_86' title='bbox 1091 1756 1139 1820; x_wconf 88' lang='lat' dir='ltr'>ed.</span> <span class='ocrx_word' id='word_1_87' title='bbox 1164 1757 1307 1822; x_wconf 86' lang='lat' dir='ltr'>Bekker·</span> 
     </span>
     <span class='ocr_line' id='line_1_14' title="bbox 122 1855 1300 1947; baseline 0.001 -21"><span class='ocrx_word' id='word_1_88' title='bbox 122 1863 169 1927; x_wconf 86' lang='lat' dir='ltr'>IV</span> <span class='ocrx_word' id='word_1_89' title='bbox 193 1882 223 1943; x_wconf 90' lang='lat' dir='ltr'>p.</span> <span class='ocrx_word' id='word_1_90' title='bbox 252 1864 327 1941; x_wconf 68' lang='grc'>162)</span> <span class='ocrx_word' id='word_1_91' title='bbox 353 1872 462 1925; x_wconf 84' lang='lat' dir='ltr'>inonet</span> <span class='ocrx_word' id='word_1_92' title='bbox 485 1880 563 1926; x_wconf 84' lang='lat' dir='ltr'>aves</span> <span class='ocrx_word' id='word_1_93' title='bbox 589 1881 616 1925; x_wconf 82' lang='lat' dir='ltr'>v.</span> <span class='ocrx_word' id='word_1_94' title='bbox 640 1868 704 1925; x_wconf 84' lang='grc'>467</span> <span class='ocrx_word' id='word_1_95' title='bbox 731 1855 839 1946; x_wconf 74' lang='grc' dir='ltr'>(ἡμεῖς</span> <span class='ocrx_word' id='word_1_96' title='bbox 861 1863 1007 1947; x_wconf 50' lang='lat' dir='ltr'>passing</span> <span class='ocrx_word' id='word_1_97' title='bbox 1031 1862 1150 1944; x_wconf 82' lang='grc' dir='ltr'><strong><em>τίνος;)</em></strong></span> <span class='ocrx_word' id='word_1_98' title='bbox 1175 1872 1207 1928; x_wconf 88' lang='lat' dir='ltr'>et</span> <span class='ocrx_word' id='word_1_99' title='bbox 1232 1870 1300 1928; x_wconf 87' lang='lat'>470</span> 
     </span>
     <span class='ocr_line' id='line_1_15' title="bbox 122 1960 1299 2054; baseline 0.003 -24"><span class='ocrx_word' id='word_1_100' title='bbox 122 1969 192 2051; x_wconf 83' lang='grc' dir='ltr'><strong><em>(καὶ</em></strong></span> <span class='ocrx_word' id='word_1_101' title='bbox 215 1970 268 2052; x_wconf 76' lang='grc' dir='ltr'>γῆς</span> <span class='ocrx_word' id='word_1_102' title='bbox 285 1969 339 2051; x_wconf 87' lang='lat' dir='ltr'>[sc.</span> <span class='ocrx_word' id='word_1_103' title='bbox 364 1960 579 2051; x_wconf 67' lang='grc' dir='ltr'><strong><em>ἀρχαιότερος</em></strong></span> <span class='ocrx_word' id='word_1_104' title='bbox 602 1963 791 2054; x_wconf 76' lang='grc' dir='ltr'>ἐγενόμην);</span> <span class='ocrx_word' id='word_1_105' title='bbox 814 1971 905 2032; x_wconf 83' lang='grc' dir='ltr'><strong><em>τοντὶ</em></strong></span> <span class='ocrx_word' id='word_1_106' title='bbox 929 1965 976 2048; x_wconf 76' lang='grc' dir='ltr'>μοὶ</span> <span class='ocrx_word' id='word_1_107' title='bbox 993 1962 1047 2032; x_wconf 77' lang='lat' dir='ltr'>At&#39;</span> <span class='ocrx_word' id='word_1_108' title='bbox 1064 1961 1123 2031; x_wconf 84' lang='grc' dir='ltr'>οόκ</span> <span class='ocrx_word' id='word_1_109' title='bbox 1149 1964 1299 2033; x_wconf 75' lang='grc' dir='ltr'><strong><em>ἐπεπύσ-</em></strong></span> 
     </span>
     <span class='ocr_line' id='line_1_16' title="bbox 122 2076 1301 2162; baseline 0.004 -24"><span class='ocrx_word' id='word_1_110' title='bbox 122 2077 211 2162; x_wconf 83' lang='grc' dir='ltr'>μην.)</span> <span class='ocrx_word' id='word_1_111' title='bbox 234 2078 332 2158; x_wconf 91' lang='lat' dir='ltr'>plane</span> <span class='ocrx_word' id='word_1_112' title='bbox 356 2076 528 2140; x_wconf 83' lang='lat' dir='ltr'>ostendere</span> <span class='ocrx_word' id='word_1_113' title='bbox 553 2094 587 2140; x_wconf 92' lang='lat' dir='ltr'>se</span> <span class='ocrx_word' id='word_1_114' title='bbox 611 2076 692 2140; x_wconf 92' lang='lat' dir='ltr'>nihil</span> <span class='ocrx_word' id='word_1_115' title='bbox 716 2077 756 2141; x_wconf 91' lang='lat' dir='ltr'>de</span> <span class='ocrx_word' id='word_1_116' title='bbox 781 2077 957 2142; x_wconf 87' lang='lat' dir='ltr'>honoribus</span> <span class='ocrx_word' id='word_1_117' title='bbox 981 2077 1047 2142; x_wconf 92' lang='lat' dir='ltr'>illis</span> <span class='ocrx_word' id='word_1_118' title='bbox 1071 2078 1301 2144; x_wconf 84' lang='lat' dir='ltr'>aPithetaeto</span> 
     </span>
     <span class='ocr_line' id='line_1_17' title="bbox 123 2174 1298 2266; baseline 0.002 -18"><span class='ocrx_word' id='word_1_119' title='bbox 123 2183 380 2249; x_wconf 87' lang='lat' dir='ltr'>commemoratis</span> <span class='ocrx_word' id='word_1_120' title='bbox 405 2183 497 2247; x_wconf 84' lang='lat' dir='ltr'>scire.</span> <span class='ocrx_word' id='word_1_121' title='bbox 542 2183 647 2246; x_wconf 89' lang='lat' dir='ltr'>Poeta</span> <span class='ocrx_word' id='word_1_122' title='bbox 672 2174 728 2244; x_wconf 80' lang='grc' dir='ltr'>ἐπ’</span> <span class='ocrx_word' id='word_1_123' title='bbox 751 2174 834 2262; x_wconf 79' lang='grc' dir='ltr'>ἐμοῦ</span> <span class='ocrx_word' id='word_1_124' title='bbox 856 2183 965 2248; x_wconf 85' lang='lat' dir='ltr'>dicere</span> <span class='ocrx_word' id='word_1_125' title='bbox 989 2203 1052 2248; x_wconf 89' lang='lat' dir='ltr'>non</span> <span class='ocrx_word' id='word_1_126' title='bbox 1078 2194 1198 2266; x_wconf 79' lang='lat' dir='ltr'>potest,</span> <span class='ocrx_word' id='word_1_127' title='bbox 1226 2205 1298 2251; x_wconf 87' lang='lat' dir='ltr'>cnm</span> 
     </span>
     <span class='ocr_line' id='line_1_18' title="bbox 122 2289 1301 2374; baseline 0.005 -20"><span class='ocrx_word' id='word_1_128' title='bbox 122 2292 205 2356; x_wconf 89' lang='lat' dir='ltr'>tales</span> <span class='ocrx_word' id='word_1_129' title='bbox 244 2289 360 2355; x_wconf 81' lang='lat' dir='ltr'>afferat</span> <span class='ocrx_word' id='word_1_130' title='bbox 399 2291 550 2369; x_wconf 77' lang='lat' dir='ltr'>honores,</span> <span class='ocrx_word' id='word_1_131' title='bbox 591 2289 702 2370; x_wconf 83' lang='lat' dir='ltr'>quales</span> <span class='ocrx_word' id='word_1_132' title='bbox 741 2292 804 2354; x_wconf 82' lang='lat' dir='ltr'>iani</span> <span class='ocrx_word' id='word_1_133' title='bbox 842 2291 897 2356; x_wconf 90' lang='lat' dir='ltr'>diu</span> <span class='ocrx_word' id='word_1_134' title='bbox 934 2299 1010 2356; x_wconf 88' lang='lat' dir='ltr'>ante</span> <span class='ocrx_word' id='word_1_135' title='bbox 1043 2292 1130 2357; x_wconf 88' lang='lat' dir='ltr'>chori</span> <span class='ocrx_word' id='word_1_136' title='bbox 1168 2300 1301 2374; x_wconf 84' lang='lat' dir='ltr'>tempus</span> 
     </span>
     <span class='ocr_line' id='line_1_19' title="bbox 122 2399 369 2463; baseline -0.004 -1"><span class='ocrx_word' id='word_1_137' title='bbox 122 2399 243 2463; x_wconf 85' lang='lat' dir='ltr'>sublati</span> <span class='ocrx_word' id='word_1_138' title='bbox 267 2407 369 2462; x_wconf 78' lang='lat' dir='ltr'>erant.</span> 
     </span>
    </p>
   </div>
   <div class='ocr_carea' id='block_1_3' title="bbox 670 2539 742 2626">
    <p class='ocr_par' dir='ltr' id='par_1_8' title="bbox 670 2539 742 2626">
     <span class='ocr_line' id='line_1_20' title="bbox 670 2539 742 2626; baseline 0.014 -20"><span class='ocrx_word' id='word_1_139' title='bbox 670 2539 742 2626; x_wconf 69' lang='lat' dir='ltr'>aa.</span> 
     </span>
    </p>
   </div>
   <div class='ocr_carea' id='block_1_4' title="bbox 118 2684 1304 4484">
    <p class='ocr_par' dir='ltr' id='par_1_9' title="bbox 227 2684 1237 2765">
     <span class='ocr_line' id='line_1_21' title="bbox 227 2684 1237 2765; baseline 0.006 -18"><span class='ocrx_word' id='word_1_140' title='bbox 227 2685 396 2748; x_wconf 83' lang='lat' dir='ltr'>Notionem</span> <span class='ocrx_word' id='word_1_141' title='bbox 421 2684 517 2748; x_wconf 91' lang='lat' dir='ltr'>locali</span> <span class='ocrx_word' id='word_1_142' title='bbox 542 2685 679 2749; x_wconf 84' lang='lat' dir='ltr'>maxime</span> <span class='ocrx_word' id='word_1_143' title='bbox 705 2685 835 2749; x_wconf 70' lang='lat' dir='ltr'>afflinem</span> <span class='ocrx_word' id='word_1_144' title='bbox 860 2687 1058 2765; x_wconf 81' lang='lat' dir='ltr'>praepositio</span> <span class='ocrx_word' id='word_1_145' title='bbox 1083 2688 1237 2753; x_wconf 85' lang='lat' dir='ltr'>ostendit:</span> 
     </span>
    </p>

    <p class='ocr_par' dir='ltr' id='par_1_10' title="bbox 120 2775 1294 2985">
     <span class='ocr_line' id='line_1_22' title="bbox 215 2775 1164 2877; baseline 0 -21"><span class='ocrx_word' id='word_1_146' title='bbox 215 2791 295 2871; x_wconf 83' lang='lat' dir='ltr'><strong>Equ.</strong></span> <span class='ocrx_word' id='word_1_147' title='bbox 324 2795 415 2856; x_wconf 69' lang='lat'>1244.</span> <span class='ocrx_word' id='word_1_148' title='bbox 439 2786 547 2874; x_wconf 76' lang='grc' dir='ltr'><strong><em>λεπτή</em></strong></span> <span class='ocrx_word' id='word_1_149' title='bbox 568 2811 616 2861; x_wconf 81' lang='grc' dir='ltr'>τίς</span> <span class='ocrx_word' id='word_1_150' title='bbox 640 2783 733 2861; x_wconf 73' lang='grc' dir='ltr'><strong><em>ἐλπίς</em></strong></span> <span class='ocrx_word' id='word_1_151' title='bbox 757 2782 822 2854; x_wconf 74' lang='grc' dir='ltr'><strong><em>ἔστ’</em></strong></span> <span class='ocrx_word' id='word_1_152' title='bbox 845 2783 900 2872; x_wconf 75' lang='grc' dir='ltr'>ἐφ’</span> <span class='ocrx_word' id='word_1_153' title='bbox 923 2775 958 2877; x_wconf 76' lang='grc' dir='ltr'>ἧς</span> <span class='ocrx_word' id='word_1_154' title='bbox 982 2783 1164 2872; x_wconf 79' lang='grc' dir='ltr'><strong><em>ὀχούμεθα.</em></strong></span> 
     </span>
     <span class='ocr_line' id='line_1_23' title="bbox 120 2889 1294 2985; baseline -0.002 -21"><span class='ocrx_word' id='word_1_155' title='bbox 120 2900 244 2982; x_wconf 81' lang='lat' dir='ltr'>Frgmt.</span> <span class='ocrx_word' id='word_1_156' title='bbox 255 2899 297 2962; x_wconf 89' lang='lat' dir='ltr'>M.</span> <span class='ocrx_word' id='word_1_157' title='bbox 315 2904 396 2962; x_wconf 82' lang='lat'>1005</span> <span class='ocrx_word' id='word_1_158' title='bbox 411 2899 435 2962; x_wconf 92' lang='lat' dir='ltr'>I.</span> <span class='ocrx_word' id='word_1_159' title='bbox 448 2899 491 2963; x_wconf 90' lang='lat' dir='ltr'>ll.</span> <span class='ocrx_word' id='word_1_160' title='bbox 516 2893 556 2968; x_wconf 75' lang='grc' dir='ltr'>ὡς</span> <span class='ocrx_word' id='word_1_161' title='bbox 571 2895 674 2980; x_wconf 82' lang='grc' dir='ltr'><strong><em>σφόὀρ</em></strong></span> <span class='ocrx_word' id='word_1_162' title='bbox 693 2889 749 2960; x_wconf 82' lang='grc' dir='ltr'>ὀπὶ</span> <span class='ocrx_word' id='word_1_163' title='bbox 773 2898 902 2961; x_wconf 75' lang='grc' dir='ltr'><strong><em>λεπτῶν</em></strong></span> <span class='ocrx_word' id='word_1_164' title='bbox 927 2891 1071 2962; x_wconf 79' lang='grc' dir='ltr'><strong><em>ἐλπίδων</em></strong></span> <span class='ocrx_word' id='word_1_165' title='bbox 1095 2892 1294 2985; x_wconf 78' lang='grc' dir='ltr'><strong><em>ὀχεῖσθόρα</em></strong></span> 
     </span>
    </p>

    <p class='ocr_par' dir='ltr' id='par_1_11' title="bbox 518 3005 963 3090">
     <span class='ocr_line' id='line_1_24' title="bbox 518 3005 963 3090; baseline 0.002 -21"><span class='ocrx_word' id='word_1_166' title='bbox 518 3005 569 3087; x_wconf 80' lang='grc' dir='ltr'>[Κ.</span> <span class='ocrx_word' id='word_1_167' title='bbox 600 3010 669 3070; x_wconf 83' lang='lat'>149.</span> <span class='ocrx_word' id='word_1_168' title='bbox 697 3011 776 3088; x_wconf 80' lang='lat'>1503</span> <span class='ocrx_word' id='word_1_169' title='bbox 801 3007 848 3071; x_wconf 76' lang='lat'><em>131.</em></span> <span class='ocrx_word' id='word_1_170' title='bbox 876 3005 963 3090; x_wconf 65' lang='lat' dir='ltr'>tte}</span> 
     </span>
    </p>

    <p class='ocr_par' dir='ltr' id='par_1_12' title="bbox 120 3107 1297 3393">
     <span class='ocr_line' id='line_1_25' title="bbox 225 3107 1297 3200; baseline -0.002 -23"><span class='ocrx_word' id='word_1_171' title='bbox 225 3113 446 3178; x_wconf 87' lang='lat' dir='ltr'>Probabiliter</span> <span class='ocrx_word' id='word_1_172' title='bbox 460 3114 593 3178; x_wconf 85' lang='lat' dir='ltr'>Porson.</span> <span class='ocrx_word' id='word_1_173' title='bbox 615 3113 655 3178; x_wconf 90' lang='lat' dir='ltr'>ad</span> <span class='ocrx_word' id='word_1_174' title='bbox 676 3114 753 3179; x_wconf 80' lang='lat' dir='ltr'>Eun.</span> <span class='ocrx_word' id='word_1_175' title='bbox 775 3114 828 3179; x_wconf 85' lang='lat' dir='ltr'>Or.</span> <span class='ocrx_word' id='word_1_176' title='bbox 851 3120 891 3179; x_wconf 85' lang='lat'>68</span> <span class='ocrx_word' id='word_1_177' title='bbox 909 3107 980 3197; x_wconf 78' lang='grc' dir='ltr'>(ἐπ’</span> <span class='ocrx_word' id='word_1_178' title='bbox 1003 3107 1162 3186; x_wconf 83' lang='grc' dir='ltr'><strong><em>ὀσθενοός</em></strong></span> <span class='ocrx_word' id='word_1_179' title='bbox 1186 3111 1297 3200; x_wconf 79' lang='grc' dir='ltr'>ρόμης</span> 
     </span>
     <span class='ocr_line' id='line_1_26' title="bbox 120 3211 1293 3306; baseline 0.003 -25"><span class='ocrx_word' id='word_1_180' title='bbox 120 3211 297 3302; x_wconf 77' lang='grc' dir='ltr'><strong><em>ὀχούμεθ’)</em></strong></span> <span class='ocrx_word' id='word_1_181' title='bbox 314 3221 398 3285; x_wconf 87' lang='lat' dir='ltr'>hanc</span> <span class='ocrx_word' id='word_1_182' title='bbox 414 3221 607 3285; x_wconf 84' lang='lat' dir='ltr'>locutionem</span> <span class='ocrx_word' id='word_1_183' title='bbox 624 3221 665 3283; x_wconf 88' lang='lat' dir='ltr'>ad</span> <span class='ocrx_word' id='word_1_184' title='bbox 682 3211 739 3283; x_wconf 79' lang='grc' dir='ltr'>ἐπ’</span> <span class='ocrx_word' id='word_1_185' title='bbox 755 3212 896 3306; x_wconf 82' lang='grc' dir='ltr'><strong><em>ὀχκίρας</em></strong></span> <span class='ocrx_word' id='word_1_186' title='bbox 912 3213 1064 3300; x_wconf 83' lang='grc' dir='ltr'><strong><em>ὀχεῖσθαι</em></strong></span> <span class='ocrx_word' id='word_1_187' title='bbox 1077 3222 1293 3287; x_wconf 86' lang='lat' dir='ltr'>revocandam</span> 
     </span>
     <span class='ocr_line' id='line_1_27' title="bbox 120 3328 333 3393; baseline -0.005 0"><span class='ocrx_word' id='word_1_188' title='bbox 120 3345 191 3393; x_wconf 87' lang='lat' dir='ltr'>esse</span> <span class='ocrx_word' id='word_1_189' title='bbox 215 3328 333 3393; x_wconf 90' lang='lat' dir='ltr'>docuit.</span> 
     </span>
    </p>

    <p class='ocr_par' dir='ltr' id='par_1_13' title="bbox 119 3431 1293 3730">
     <span class='ocr_line' id='line_1_28' title="bbox 225 3431 1287 3516; baseline -0.007 -16"><span class='ocrx_word' id='word_1_190' title='bbox 225 3435 348 3500; x_wconf 84' lang='lat' dir='ltr'>Eodem</span> <span class='ocrx_word' id='word_1_191' title='bbox 373 3435 466 3499; x_wconf 86' lang='lat' dir='ltr'>moda</span> <span class='ocrx_word' id='word_1_192' title='bbox 503 3441 637 3516; x_wconf 83' lang='lat' dir='ltr'>accepta</span> <span class='ocrx_word' id='word_1_193' title='bbox 656 3435 778 3516; x_wconf 82' lang='lat' dir='ltr'>Engeri</span> <span class='ocrx_word' id='word_1_194' title='bbox 815 3437 1000 3501; x_wconf 87' lang='lat' dir='ltr'>coniectura</span> <span class='ocrx_word' id='word_1_195' title='bbox 1023 3449 1138 3496; x_wconf 87' lang='lat' dir='ltr'>versus</span> <span class='ocrx_word' id='word_1_196' title='bbox 1159 3431 1234 3511; x_wconf 86' lang='lat' dir='ltr'>Lys.</span> <span class='ocrx_word' id='word_1_197' title='bbox 1250 3437 1287 3494; x_wconf 86' lang='lat'>31</span> 
     </span>
     <span class='ocr_line' id='line_1_29' title="bbox 119 3536 1293 3623; baseline -0.003 -16"><span class='ocrx_word' id='word_1_198' title='bbox 119 3542 385 3623; x_wconf 87' lang='lat' dir='ltr'>interpretandus</span> <span class='ocrx_word' id='word_1_199' title='bbox 409 3551 467 3607; x_wconf 91' lang='lat' dir='ltr'>est.</span> <span class='ocrx_word' id='word_1_200' title='bbox 515 3542 578 3608; x_wconf 87' lang='lat' dir='ltr'>Ubi</span> <span class='ocrx_word' id='word_1_201' title='bbox 603 3542 748 3607; x_wconf 89' lang='lat' dir='ltr'>codicum</span> <span class='ocrx_word' id='word_1_202' title='bbox 776 3543 873 3607; x_wconf 91' lang='lat' dir='ltr'>lectio</span> <span class='ocrx_word' id='word_1_203' title='bbox 897 3539 1045 3604; x_wconf 86' lang='lat' dir='ltr'>omnibns</span> <span class='ocrx_word' id='word_1_204' title='bbox 1069 3536 1136 3601; x_wconf 85' lang='lat' dir='ltr'>fere</span> <span class='ocrx_word' id='word_1_205' title='bbox 1160 3536 1293 3603; x_wconf 87' lang='lat' dir='ltr'>editori·</span> 
     </span>
     <span class='ocr_line' id='line_1_30' title="bbox 120 3651 529 3730; baseline -0.002 -16"><span class='ocrx_word' id='word_1_206' title='bbox 120 3651 179 3714; x_wconf 90' lang='lat' dir='ltr'>bus</span> <span class='ocrx_word' id='word_1_207' title='bbox 203 3651 341 3730; x_wconf 87' lang='lat' dir='ltr'>probata</span> <span class='ocrx_word' id='word_1_208' title='bbox 364 3651 443 3715; x_wconf 88' lang='lat' dir='ltr'>haec</span> <span class='ocrx_word' id='word_1_209' title='bbox 466 3657 529 3714; x_wconf 86' lang='lat' dir='ltr'>est:</span> 
     </span>
    </p>

    <p class='ocr_par' dir='ltr' id='par_1_14' title="bbox 118 3746 1304 4484">
     <span class='ocr_line' id='line_1_31' title="bbox 365 3746 1040 3840; baseline -0.01 -21"><span class='ocrx_word' id='word_1_210' title='bbox 365 3747 421 3819; x_wconf 76' lang='grc' dir='ltr'>ἐπ’</span> <span class='ocrx_word' id='word_1_211' title='bbox 446 3747 558 3835; x_wconf 82' lang='grc' dir='ltr'><strong><em>ὀλίγον</em></strong></span> <span class='ocrx_word' id='word_1_212' title='bbox 583 3751 642 3840; x_wconf 77' lang='grc' dir='ltr'><strong><em>χεὶρ</em></strong></span> <span class='ocrx_word' id='word_1_213' title='bbox 665 3751 758 3834; x_wconf 71' lang='grc' dir='ltr'><strong><em>ἔχετο</em></strong></span> <span class='ocrx_word' id='word_1_214' title='bbox 777 3755 833 3837; x_wconf 87' lang='lat' dir='ltr'>(sc.</span> <span class='ocrx_word' id='word_1_215' title='bbox 849 3746 869 3840; x_wconf 67' lang='grc' dir='ltr'><em>ᾗ</em></span> <span class='ocrx_word' id='word_1_216' title='bbox 885 3752 1040 3837; x_wconf 84' lang='grc' dir='ltr'><strong><em>σωτηρία)</em></strong></span> 
     </span>
     <span class='ocr_line' id='line_1_32' title="bbox 119 3851 1289 3944; baseline -0.007 -15"><span class='ocrx_word' id='word_1_217' title='bbox 119 3882 202 3944; x_wconf 85' lang='lat' dir='ltr'>qnae</span> <span class='ocrx_word' id='word_1_218' title='bbox 218 3865 320 3931; x_wconf 87' lang='lat' dir='ltr'>verba</span> <span class='ocrx_word' id='word_1_219' title='bbox 336 3865 478 3930; x_wconf 90' lang='lat' dir='ltr'>Brunck.</span> <span class='ocrx_word' id='word_1_220' title='bbox 505 3857 662 3941; x_wconf 67' lang='grc' dir='ltr'><strong><em>,ὀχεσθατ</em></strong></span> <span class='ocrx_word' id='word_1_221' title='bbox 676 3865 728 3928; x_wconf 90' lang='lat' dir='ltr'>hio</span> <span class='ocrx_word' id='word_1_222' title='bbox 741 3862 821 3928; x_wconf 91' lang='lat' dir='ltr'>nihil</span> <span class='ocrx_word' id='word_1_223' title='bbox 837 3860 925 3925; x_wconf 88' lang='lat' dir='ltr'>aliud</span> <span class='ocrx_word' id='word_1_224' title='bbox 944 3859 1057 3927; x_wconf 86' lang='lat' dir='ltr'>valere</span> <span class='ocrx_word' id='word_1_225' title='bbox 1072 3879 1168 3940; x_wconf 87' lang='lat' dir='ltr'>quam</span> <span class='ocrx_word' id='word_1_226' title='bbox 1183 3851 1289 3923; x_wconf 67' lang='grc' dir='ltr'>εἷναίι</span> 
     </span>
     <span class='ocr_line' id='line_1_33' title="bbox 118 3961 1292 4056; baseline -0.003 -21"><span class='ocrx_word' id='word_1_227' title='bbox 118 3978 210 4036; x_wconf 87' lang='lat' dir='ltr'>ratus</span> <span class='ocrx_word' id='word_1_228' title='bbox 234 3971 385 4052; x_wconf 85' lang='lat' dir='ltr'>analogia</span> <span class='ocrx_word' id='word_1_229' title='bbox 401 3967 458 4033; x_wconf 80' lang='grc' dir='ltr'>ἐπὶ</span> <span class='ocrx_word' id='word_1_230' title='bbox 474 3973 572 4056; x_wconf 80' lang='grc' dir='ltr'><strong><em>ξυροῦ</em></strong></span> <span class='ocrx_word' id='word_1_231' title='bbox 586 3961 672 4033; x_wconf 80' lang='grc' dir='ltr'><strong><em>εἶναι</em></strong></span> <span class='ocrx_word' id='word_1_232' title='bbox 688 3971 843 4036; x_wconf 87' lang='lat' dir='ltr'>illustrat.</span> <span class='ocrx_word' id='word_1_233' title='bbox 867 3965 959 4051; x_wconf 78' lang='lat' dir='ltr'>Quod</span> <span class='ocrx_word' id='word_1_234' title='bbox 976 3966 1054 4034; x_wconf 85' lang='lat' dir='ltr'>licet</span> <span class='ocrx_word' id='word_1_235' title='bbox 1070 3969 1292 4046; x_wconf 83' lang='lat' dir='ltr'>concedamus,</span> 
     </span>
     <span class='ocr_line' id='line_1_34' title="bbox 118 4075 1295 4160; baseline -0.003 -18"><span class='ocrx_word' id='word_1_236' title='bbox 118 4085 227 4143; x_wconf 87' lang='lat' dir='ltr'>tamen</span> <span class='ocrx_word' id='word_1_237' title='bbox 240 4079 378 4143; x_wconf 86' lang='lat' dir='ltr'>alterum</span> <span class='ocrx_word' id='word_1_238' title='bbox 391 4087 499 4144; x_wconf 88' lang='lat' dir='ltr'>manet</span> <span class='ocrx_word' id='word_1_239' title='bbox 512 4079 641 4143; x_wconf 90' lang='lat' dir='ltr'>vitium:</span> <span class='ocrx_word' id='word_1_240' title='bbox 651 4097 724 4143; x_wconf 82' lang='lat' dir='ltr'>nani</span> <span class='ocrx_word' id='word_1_241' title='bbox 738 4077 924 4160; x_wconf 86' lang='lat' dir='ltr'>postulatur</span> <span class='ocrx_word' id='word_1_242' title='bbox 936 4095 1101 4159; x_wconf 82' lang='lat' dir='ltr'>praesens,</span> <span class='ocrx_word' id='word_1_243' title='bbox 1111 4075 1227 4140; x_wconf 83' lang='lat' dir='ltr'>falsnin</span> <span class='ocrx_word' id='word_1_244' title='bbox 1243 4081 1295 4139; x_wconf 84' lang='lat' dir='ltr'>est</span> 
     </span>
     <span class='ocr_line' id='line_1_35' title="bbox 119 4168 1304 4271; baseline 0.001 -21"><span class='ocrx_word' id='word_1_245' title='bbox 119 4185 340 4267; x_wconf 80' lang='lat' dir='ltr'>imperfectum</span> <span class='ocrx_word' id='word_1_246' title='bbox 355 4186 408 4270; x_wconf 84' lang='lat' dir='ltr'>(cf.</span> <span class='ocrx_word' id='word_1_247' title='bbox 419 4205 449 4253; x_wconf 90' lang='lat' dir='ltr'>v.</span> <span class='ocrx_word' id='word_1_248' title='bbox 464 4189 505 4250; x_wconf 82' lang='lat'>30</span> <span class='ocrx_word' id='word_1_249' title='bbox 520 4177 557 4249; x_wconf 83' lang='grc' dir='ltr'>ἕν</span> <span class='ocrx_word' id='word_1_250' title='bbox 568 4168 639 4256; x_wconf 86' lang='grc' dir='ltr'><strong><em>ταῖς</em></strong></span> <span class='ocrx_word' id='word_1_251' title='bbox 652 4188 798 4265; x_wconf 78' lang='grc' dir='ltr'><strong><em>γυναιξίν</em></strong></span> <span class='ocrx_word' id='word_1_252' title='bbox 813 4177 926 4249; x_wconf 76' lang='grc' dir='ltr'><strong><em>ἔστιν</em></strong></span> <span class='ocrx_word' id='word_1_253' title='bbox 939 4178 959 4271; x_wconf 71' lang='grc' dir='ltr'>ὀρ</span> <span class='ocrx_word' id='word_1_254' title='bbox 971 4188 1119 4271; x_wconf 81' lang='grc' dir='ltr'><strong><em>σωτηρία.</em></strong></span> <span class='ocrx_word' id='word_1_255' title='bbox 1146 4202 1176 4250; x_wconf 86' lang='lat' dir='ltr'>v.</span> <span class='ocrx_word' id='word_1_256' title='bbox 1191 4188 1240 4244; x_wconf 73' lang='lat'>32·</span> <span class='ocrx_word' id='word_1_257' title='bbox 1255 4176 1304 4251; x_wconf 79' lang='grc' dir='ltr'>ὦς·</span> 
     </span>
     <span class='ocr_line' id='line_1_36' title="bbox 119 4284 1296 4378; baseline -0.005 -23"><span class='ocrx_word' id='word_1_258' title='bbox 119 4284 198 4356; x_wconf 76' lang='grc' dir='ltr'><strong><em>ἔστ’</em></strong></span> <span class='ocrx_word' id='word_1_259' title='bbox 223 4284 259 4355; x_wconf 82' lang='grc' dir='ltr'>ἕν</span> <span class='ocrx_word' id='word_1_260' title='bbox 280 4286 360 4376; x_wconf 83' lang='grc' dir='ltr'>ἡμῖν</span> <span class='ocrx_word' id='word_1_261' title='bbox 379 4293 434 4378; x_wconf 71' lang='grc' dir='ltr'>τῆς</span> <span class='ocrx_word' id='word_1_262' title='bbox 457 4289 585 4363; x_wconf 86' lang='grc' dir='ltr'><strong><em>πόλεως</em></strong></span> <span class='ocrx_word' id='word_1_263' title='bbox 607 4288 647 4356; x_wconf 83' lang='grc' dir='ltr'>τὰ</span> <span class='ocrx_word' id='word_1_264' title='bbox 672 4287 877 4376; x_wconf 74' lang='grc' dir='ltr'><strong><em>πράγματα.)</em></strong></span> <span class='ocrx_word' id='word_1_265' title='bbox 913 4293 1016 4359; x_wconf 87' lang='lat' dir='ltr'>Recte</span> <span class='ocrx_word' id='word_1_266' title='bbox 1039 4292 1141 4373; x_wconf 81' lang='lat' dir='ltr'>igitur</span> <span class='ocrx_word' id='word_1_267' title='bbox 1163 4286 1296 4352; x_wconf 81' lang='lat' dir='ltr'>videtur</span> 
     </span>
     <span class='ocr_line' id='line_1_37' title="bbox 118 4390 1294 4484; baseline -0.004 -20"><span class='ocrx_word' id='word_1_268' title='bbox 118 4400 287 4480; x_wconf 86' lang='lat' dir='ltr'>scripsisse</span> <span class='ocrx_word' id='word_1_269' title='bbox 321 4401 471 4481; x_wconf 79' lang='lat' dir='ltr'>Engerns</span> <span class='ocrx_word' id='word_1_270' title='bbox 502 4391 558 4462; x_wconf 81' lang='grc' dir='ltr'>ἐπ’</span> <span class='ocrx_word' id='word_1_271' title='bbox 593 4391 705 4477; x_wconf 82' lang='grc' dir='ltr'><strong><em>ὀλίγον</em></strong></span> <span class='ocrx_word' id='word_1_272' title='bbox 740 4390 869 4477; x_wconf 85' lang='grc' dir='ltr'><strong><em>χ’ὀχεῑτ’</em></strong></span> <span class='ocrx_word' id='word_1_273' title='bbox 902 4395 984 4484; x_wconf 85' lang='grc' dir='ltr'><strong><em>ἄρα,</em></strong></span> <span class='ocrx_word' id='word_1_274' title='bbox 1012 4415 1075 4479; x_wconf 89' lang='lat' dir='ltr'>qna</span> <span class='ocrx_word' id='word_1_275' title='bbox 1107 4394 1294 4459; x_wconf 84' lang='lat' dir='ltr'>coniectura</span> 
     </span>
    </p>
   </div>
   <div class='ocr_carea' id='block_1_5' title="bbox 0 0 1426 4854">
    <p class='ocr_par' dir='ltr' id='par_1_15' title="bbox 0 0 1426 4854">
     <span class='ocr_line' id='line_1_38' title="bbox 0 0 1426 4854; baseline 0 0"><span class='ocrx_word' id='word_1_276' title='bbox 0 0 1426 4854; x_wconf 95' lang='lat' dir='ltr'> </span> 
     </span>
    </p>
   </div>
  </div>
 </body>
</html>
