2842 4854
591 351 806 411 -1g-

216 538 348 623 Eool.*)
372 544 423 605 99.
446 536 540 619 ἄγεθ’
572 531 660 612 ὅπως
699 540 755 603 καὶ
792 532 875 604 τύπὶ
909 536 1037 613 τούτοις
1071 535 1241 625 δράσομεν
1264 548 1300 607 et

224 646 314 713 Plut.
340 653 380 711 57
406 643 572 732 (μροίσεις)
596 637 615 732 ἢ
637 639 721 711 τύπὶ
742 642 872 720 τούτοις
894 648 972 733 δρία

225 752 387 819 Videntur
414 771 493 819 vero
522 753 604 820 haec
632 760 787 821 nontam
812 755 852 821 de
874 762 1020 836 tempore
1042 755 1107 821 diei
1131 774 1233 837 quum
1257 756 1300 823 de

117 859 231 926 ordine
254 879 317 943 quo
341 879 394 927 res
418 861 640 942 perficiuntur.

667 1073 685 1160 ξ
711 1082 739 1138 6,

224 1216 450 1300 Occasionem,
480 1236 545 1297 qua
575 1217 649 1298 quis
686 1236 764 1283 usus
789 1218 912 1299 aliquid
936 1217 1025 1301 iuoit,
1050 1215 1108 1282 ἐπί
1130 1222 1301 1302 praeposi·

116 1323 164 1390 tio
186 1324 266 1389 loeis
291 1324 346 1403 qui
370 1333 551 1404 sequuntur
574 1324 715 1390 indicet:

219 1431 316 1511 Vesp.
341 1437 416 1496 683.
441 1427 500 1494 ἐπὶ
514 1439 585 1504 ταῖς
596 1432 755 1503 σπονδαῖς
766 1431 823 1494 καὶ
837 1438 908 1504 ταῖς
924 1424 1035 1511 εὐχαῖς
1051 1433 1071 1515 (.
1086 1479 1115 1496 ..
1133 1432 1299 1519 λέξομεν).

215 1537 293 1619 Lyn.
320 1544 414 1604 1293.
439 1537 571 1623 (αἴρεσθ
594 1531 675 1623 ἅνω)
701 1533 740 1612 ὦς
764 1536 821 1603 ἐπὶ
847 1541 929 1628 νίκῃ.

216 1646 341 1710 Thesm.
368 1651 440 1711 313.
464 1643 646 1727 λιτόμεσθα
668 1644 772 1711 ταῖσδ’
803 1641 854 1709 ἐπ’
878 1637 988 1724 εὐχαῖς
1027 1651 1195 1728 φανέντας
1230 1645 1297 1714 ἐπι

1096 1757 1257 1841 χαρῆναι.

332 1863 406 1925 327.
429 1857 574 1945 φόρμιγξ
595 1854 748 1946 ὐχήσειεν
772 1856 824 1924 ἐπ’
848 1855 967 1940 εὐχαῖς.

248 1967 394 2053 1049.**)
418 1967 492 2052 ’(τίς
531 1965 614 2049 ἐμὸν
650 1961 709 2031 οὐκ
742 1963 923 2053 ἕπύψεται)
960 1963 1073 2039 πόθος
1107 1959 1285 2056 α’μέγαρτοι

849 2070 909 2137 ἐπὶ
932 2075 1041 2136 κακῶν
1064 2082 1245 2162 παρουσίρ;

217 2182 304 2246 Ecol.
332 2187 425 2247 1181.
450 2178 702 2268 (δειπνήσομεν)
728 2175 767 2253 ὦς
790 2178 849 2245 ἐπὶ
872 2184 956 2269 νίκῃ.

214 2288 293 2353 Plut
316 2293 390 2354 455.
414 2284 467 2352 ἐπ’
492 2281 676 2377 αὐτοφώρῳ
701 2286 793 2354 δεινὰ
819 2290 932 2373 δρῶντ’
956 2284 1157 2374 εἰλημμένω.

208 2395 291 2461 Ran.
319 2393 472 2463 1496.τύ
501 2398 528 2460 δ’
558 2393 615 2460 ἐπὶ
642 2405 789 2479 σεμναῖσι
819 2391 944 2477 λόγοισι
975 2390 1165 2479 (διατριβὴν
1195 2393 1298 2485 α’ρχόν

586 2508 763 2569 ποιεῖσθαι
786 2505 1081 2588 παραφρονοῦντος
1104 2495 1257 2592 ὐνδρός).

222 2610 365 2677 Maxime
388 2613 468 2677 bueo
491 2612 744 2694 praepositionis
775 2607 834 2674 ἐπὶ
862 2611 952 2677 notio
982 2611 1018 2675 in
1041 2610 1210 2679 locutione
1240 2609 1299 2677 ἒπῖ

116 2717 251 2789 πολλοῖς
273 2719 326 2784 vel
350 2714 406 2781 ἐπὶ
429 2719 511 2782 πᾶσι
533 2716 726 2803 πράγμασιν
750 2718 924 2784 manifesta
948 2723 1014 2783 est:

216 2827 298 2906 quu
324 2832 398 2892 411.
430 2821 484 2898 οὓς
516 2829 573 2909 (so.
609 2822 801 2910 κονδύλους)
836 2819 947 2889 πολλὰ
993 2819 1032 2909 δὴ
1076 2816 1128 2886 ’πὶ
1159 2827 1302 2899 πολλοῖς

1023 2923 1252 3020 (ἠνεσχόμην).

216 3040 312 3123 Vesp.
339 3041 433 3107 1046.
457 3041 515 3104 ἐπὶ
537 3040 674 3112 πολλοῖς
697 3036 836 3121 ὄμνυσιν
857 3033 917 3103 τὸν
940 3034 1113 3104 Διόνυσον.

217 3148 299 3227 Equ.
324 3153 398 3214 402.
423 3127 447 3210 οὐ
467 3148 547 3232 περὶ
579 3143 676 3211 πάντ’
701 3143 760 3210 ἐπὶ
782 3148 865 3211 πᾶσί
892 3167 929 3210 τε
951 3142 1123 3232 πράγμασι
1148 3143 1299 3233 δωροδό·

790 3272 897 3318 κοισιν
920 3249 973 3317 ὐπ’
998 3250 1137 3317 ἄνθεσιν
1161 3250 1251 3328 ἱζαν.

667 3449 740 3538 pr.

222 3593 349 3661 Deinde
384 3596 618 3678 praepositioni
664 3595 715 3663 vis
750 3594 891 3661 addendi
935 3595 1023 3660 inest
1054 3592 1215 3673 imprimis
1255 3593 1297 3693 'in

116 3700 278 3768 locutione
301 3697 358 3766 ἐπὶ
380 3704 488 3767 τοῖσδε
512 3704 565 3769 vel
589 3697 647 3766 ἐπὶ
668 3697 812 3773 τούτοις;

230 3810 312 3876 Nub.
335 3817 410 3877 480.
433 3806 609 3897 (μηχανὰς)
633 3806 701 3897 ᾔδη’
725 3811 765 3874 πὶ
785 3805 913 3881 τούτοις
929 3856 936 3871 .
954 3861 961 3874 .
978 3802 1094 3878 καινὰς
1108 3811 1297 3892 προςφέρω.

115 3970 327 3982 -ι--ι

178 4058 292 4130 'pepuu
312 4059 406 4129 Bloyd.
426 4077 451 4114 v.
471 4061 515 4116 82.

163 4148 202 4218 **)
222 4149 355 4205 codicibus
383 4149 427 4206 ἐπὶ
462 4154 600 4225 παρουσία
633 4136 826 4218 praebentibus
856 4164 911 4203 nou
938 4147 1080 4216 hebemus,
1112 4161 1158 4200 our
1185 4145 1295 4203 Hotibii

223 4239 403 4294 coniecturum
430 4238 490 4296 ἐπεὶ
515 4239 607 4296 κακῶν
631 4241 769 4313 παρουσία
797 4236 1008 4305 comprobemus,
1032 4235 1102 4303 quod
1125 4232 1172 4290 ἐπί
1190 4250 1212 4289 ο.
1233 4236 1293 4293 dot.

222 4329 296 4384 nullo
321 4329 398 4385 modo
423 4330 473 4385 hoo
497 4345 578 4385 sensu
596 4327 630 4382 ab
650 4326 786 4395 Aristoph.
807 4326 910 4382 dicendi
928 4342 980 4382 usu
998 4325 1140 4380 abhorrere
1158 4324 1294 4385 videmus.
