2842 4854
603 331 822 391 ,56-

224 523 258 604 11)
283 522 482 605 praepositio
506 533 613 604 genet.
638 541 851 604 personae
874 523 937 589 sibi
961 523 1096 590 aseivit:

119 630 225 708 λέγειν
248 632 309 695 Av.
338 634 431 695 1675.
738 626 869 709 ἔρεσθαι
896 630 970 695 Ροο.
999 637 1072 697 105.

119 733 258 800 α’κοόειν
281 736 410 801 Thesm.
436 742 509 801 577.
737 734 955 821 ἐκκλησιάζειν
979 739 1111 804 Thesm.
1138 744 1190 806 88.

121 843 328 927 χρηματίζειν·
351 846 479 910 Thesm.
504 848 579 907 377.

166 958 199 1019 21
224 951 252 1017 si
265 952 537 1033 praepositionem
551 952 651 1015 verba
665 949 799 1015 docendi
812 952 863 1016 vel
878 952 1096 1031 persuadendi
1110 961 1294 1036 sequnntur,

225 1076 352 1140 semper
376 1076 450 1141 gen.
475 1057 540 1123 rai
564 1056 748 1122 invenitur:

119 1163 286 1229 διδόσκειν
310 1167 394 1232 Nub.
421 1171 494 1230 382.
738 1156 967 1227 ἀναδιδάσκειν
990 1167 1079 1233 Plut.
1105 1174 1182 1234 563.

119 1265 362 1336 ἀποδεικνύναι
386 1274 482 1353 Vesp.
508 1277 581 1336 548.
738 1269 881 1352 ἐλέγχειν·
903 1273 990 1339 Plut.
1015 1278 1092 1341 574.

118 1383 342 1461 μεταπείθειν
366 1381 444 1444 Aah.
471 1385 544 1443 627.

166 1507 201 1588 3)
225 1507 304 1585 περί
333 1522 404 1568 cum
433 1504 650 1569 substantivis
683 1504 736 1569 vel
760 1504 932 1571 adieetivis
967 1506 1017 1570 vel
1053 1508 1200 1574 articulo
1233 1527 1295 1574 ron·

226 1615 371 1678 iunctum
396 1623 462 1678 est:

224 1721 257 1802 a)
282 1740 307 1784 o.
330 1737 401 1800 gon.
429 1719 508 1785 rei:

119 1823 258 1911 χρησμός
311 1827 392 1906 Equ.
448 1831 680 1892 1004-1007.
736 1824 887 1913 ἐκκλησιά
911 1830 991 1895 Aah.
1019 1835 1093 1893 170.

167 1940 261 2002 1027.
290 1938 382 1998 1663.
736 1932 827 2013 λόγος
850 1937 936 2001 Plut.
961 1942 1035 2001 467.

120 2038 302 2105 ἑυνόπνιον
327 2042 421 2122 Vesp.
448 2047 499 2104 29.
737 2038 847 2126 γνιόμη
872 2044 959 2108 Eccl.
985 2049 1058 2108 397.

116 2146 330 2236 μνημόσυνον
354 2149 450 2228 Vesp.
476 2154 550 2213 559.
737 2147 919 2230 ε’πίγιαριυς
943 2151 1019 2233 Lys.
1046 2156 1151 2217 1289.
1266 2152 1269 2160 ’

118 2252 158 2320 τά
184 2258 262 2337 περὶ
296 2254 471 2333 διαλλαγᾶν
504 2255 582 2336 Lys.
609 2260 681 2319 932.
737 2251 838 2337 πόρος
861 2257 948 2321 Eccl.
973 2263 1047 2321 653.

118 2357 156 2427 τό
181 2365 261 2445 περί
282 2365 346 2424 τῶν
369 2357 456 2425 ἁλῶν
480 2363 566 2426 01001.
592 2367 665 2426 814.
737 2363 826 2433 κλιός
849 2364 930 2428 Ach.
955 2370 1029 2441 946.

226 2470 261 2553 b)
285 2490 310 2536 ι.
335 2488 407 2551 gen.
432 2488 661 2550 personae:

119 2574 180 2660 βοη
202 2578 281 2642 Ach.
307 2582 379 2641 546.
736 2572 846 2660 γνόγιη
876 2577 958 2657 Equ.
986 2583 1059 2642 931.
1099 2579 1191 2648 Ran.
1215 2585 1281 2648 tart.

121 2682 271 2769 ἐκκλησία
296 2687 359 2749 av.
386 2689 480 2747 roso.
783 2687 876 2748 1414.

118 2788 212 2871 λόγος
235 2793 311 2873 Lys
336 2798 409 2856 808.
433 2792 584 2856 Ran'87.
609 2798 680 2856 107.
735 2789 875 2876 110οσμός
898 2794 980 2873 Equ.
1005 2797 1077 2856 126.
1102 2797 1274 2866 1001110111

167 2906 239 2964 115.
267 2904 360 2963 1052.
780 2900 831 2965 bis
859 2906 952 2978 1009.
981 2901 1074 2964 1011.
1109 2911 1204 2973 1086.

230 3006 337 3071 Semel
360 3008 442 3087 περί
463 3005 656 3091 vertendum
682 3012 744 3072 est:
772 3008 876 3089 „quod
901 3009 1020 3074 attinet
1045 3009 1128 3077 ad“:

213 3114 295 3178 Rau.
320 3119 393 3177 809.
417 3109 516 3194 λῆρόν
532 3102 574 3174 ’τε
598 3109 690 3175 τᾶλλ’
715 3107 820 3196 ἡγεῖτο
844 3116 902 3177 τοῦ
925 3119 1045 3194 γνῶναι
1068 3122 1153 3200 πίρι

414 3215 525 3301 φόσεις
547 3223 701 3305 ποιητῶν.

227 3329 291 3393 Pro
315 3328 425 3392 verbis

209 3436 290 3501 Ran.
318 3441 411 3499 1028.
435 3429 518 3518 ἡνίκ’
542 3432 663 3520 ἤκουσα
688 3437 765 3518 περὶ
790 3440 933 3518 Δαρείου
958 3441 1142 3510 τεθνεῶτος

117 3542 189 3627 (sio.
215 3543 253 3608 R.
278 3544 314 3606 V.
339 3543 395 3607 alii
421 3542 524 3624 codd.)
559 3542 700 3617 Kook.*t
737 3543 949 3621 probabiliter
983 3543 1140 3612 oonieoit:
1178 3544 1299 3631 ἐχάρην

120 3644 197 3729 γόον
220 3651 324 3731 (rodd.
342 3650 430 3730 γοῦν)
456 3643 495 3719 ὡς
516 3646 621 3711 ίκουδ
647 3648 717 3711 υἱοῦ
741 3655 820 3732 πέρι
837 3654 980 3731 Δαρείου
1003 3655 1191 3725 τεθνεῶτος
1215 3653 1250 3739 (1.
1272 3671 1295 3720 a.

119 3755 240 3819 ίκουσο
275 3760 417 3840 Δαρείου
452 3761 634 3827 captatione
668 3753 744 3836 γόου
779 3759 859 3839 περὶ
894 3762 952 3820 τοῦ
988 3756 1089 3837 υἱοῦ),
1140 3762 1230 3842 quod
1266 3760 1298 3826 in

120 3865 295 3930 Persarum
320 3863 431 3929 fabula
456 3865 537 3930 nibil
560 3865 601 3930 de
624 3871 727 3929 morte
749 3865 848 3930 Darei
877 3865 1005 3948 dicitur,
1041 3873 1191 3934 mortuus
1225 3885 1299 3935 vero

116 3970 191 4052 ipse
215 3974 255 4036 ab
280 3970 394 4036 inferis
418 3972 581 4037 excitatur
605 3970 660 4054 (oi.
685 3973 775 4037 Pers,
799 3979 862 4038 829
888 3972 956 4056 ss).

1332 1224 1336 1293 t

186 4148 211 4216 *t
230 4149 309 4201 eiiam
330 4148 435 4203 Velsen.
456 4149 525 4202 huno
544 4149 630 4202 looum
655 4164 750 4202 sanare
769 4154 882 4202 conatus
907 4149 944 4202 sio
963 4150 1042 4203 soribi
1061 4149 1160 4206 iussit:
1193 4149 1302 4229 ἐχόρηυ

229 4241 293 4309 περὶ
313 4243 389 4310 νίκης
411 4260 433 4292 τι
452 4233 553 4312 μιιδώυ
570 4232 645 4311 παρὰ
660 4242 779 4310 Δαρείου
800 4238 958 4298 τεθνεῶτος.
995 4239 1047 4293 Sed
1064 4241 1190 4307 praefero
1204 4243 1302 4299 Kockii

228 4328 415 4395 coniecturam,
435 4328 505 4395 quod
523 4328 645 4395 proprius
666 4327 699 4380 ad
718 4327 836 4381 oodioum
855 4328 995 4382 lectionem
1015 4329 1127 4384 aooedit.
