<?xml version="1.0" encoding="UTF-8"?>
<!DOCTYPE html PUBLIC "-//W3C//DTD XHTML 1.0 Transitional//EN"
    "http://www.w3.org/TR/xhtml1/DTD/xhtml1-transitional.dtd">
<html xmlns="http://www.w3.org/1999/xhtml" xml:lang="en" lang="en">
 <head>
  <title>
</title>
<meta http-equiv="Content-Type" content="text/html;charset=utf-8" />
  <meta name='ocr-system' content='tesseract 3.04.00' />
  <meta name='ocr-capabilities' content='ocr_page ocr_carea ocr_par ocr_line ocrx_word'/>
</head>
<body>
  <div class='ocr_page' id='page_1' title='image "./devietusupraepo00iltzgoog_0081.png"; bbox 0 0 2842 4854; ppageno 0'>
   <div class='ocr_carea' id='block_1_1' title="bbox 599 375 819 433">
    <p class='ocr_par' dir='ltr' id='par_1_1' title="bbox 599 375 819 433">
     <span class='ocr_line' id='line_1_1' title="bbox 599 375 819 433; baseline 0.005 -19"><span class='ocrx_word' id='word_1_1' title='bbox 599 375 819 433; x_wconf 75' lang='lat'>..76-</span> 
     </span>
    </p>
   </div>
   <div class='ocr_carea' id='block_1_2' title="bbox 213 547 1058 650">
    <p class='ocr_par' dir='ltr' id='par_1_2' title="bbox 213 547 1058 650">
     <span class='ocr_line' id='line_1_2' title="bbox 213 547 1058 650; baseline 0.007 -28"><span class='ocrx_word' id='word_1_2' title='bbox 213 557 294 623; x_wconf 86' lang='lat' dir='ltr'><strong>Nub.</strong></span> <span class='ocrx_word' id='word_1_3' title='bbox 322 567 391 625; x_wconf 86' lang='grc'><strong>176.</strong></span> <span class='ocrx_word' id='word_1_4' title='bbox 415 564 449 624; x_wconf 84' lang='grc' dir='ltr'><strong>τί</strong></span> <span class='ocrx_word' id='word_1_5' title='bbox 471 547 529 625; x_wconf 76' lang='grc' dir='ltr'><strong>οὖν</strong></span> <span class='ocrx_word' id='word_1_6' title='bbox 553 559 635 644; x_wconf 78' lang='grc' dir='ltr'><em>πρὸς</em></span> <span class='ocrx_word' id='word_1_7' title='bbox 658 560 787 645; x_wconf 76' lang='grc' dir='ltr'><em>τᾶλφιτ’</em></span> <span class='ocrx_word' id='word_1_8' title='bbox 809 560 1058 650; x_wconf 57' lang='lat' dir='ltr'><strong>institututionem</strong></span> 
     </span>
    </p>
   </div>
   <div class='ocr_carea' id='block_1_3' title="bbox 125 665 1312 1076">
    <p class='ocr_par' dir='ltr' id='par_1_3' title="bbox 125 665 1312 1076">
     <span class='ocr_line' id='line_1_3' title="bbox 298 665 1256 755; baseline 0.006 -25"><span class='ocrx_word' id='word_1_9' title='bbox 298 673 390 734; x_wconf 84' lang='lat'>1188.</span> <span class='ocrx_word' id='word_1_10' title='bbox 413 672 501 732; x_wconf 80' lang='grc' dir='ltr'><em>τοντὶ</em></span> <span class='ocrx_word' id='word_1_11' title='bbox 526 670 589 748; x_wconf 80' lang='grc' dir='ltr'><strong>μὲν</strong></span> <span class='ocrx_word' id='word_1_12' title='bbox 614 665 709 733; x_wconf 75' lang='grc' dir='ltr'><em>οὐδέν</em></span> <span class='ocrx_word' id='word_1_13' title='bbox 730 694 782 733; x_wconf 85' lang='grc' dir='ltr'><strong>πω</strong></span> <span class='ocrx_word' id='word_1_14' title='bbox 806 666 891 753; x_wconf 80' lang='grc' dir='ltr'><em>πρὸς</em></span> <span class='ocrx_word' id='word_1_15' title='bbox 914 669 992 755; x_wconf 74' lang='grc' dir='ltr'><em>ἕνην</em></span> <span class='ocrx_word' id='word_1_16' title='bbox 1013 693 1050 734; x_wconf 88' lang='grc' dir='ltr'><strong>τε</strong></span> <span class='ocrx_word' id='word_1_17' title='bbox 1076 675 1133 735; x_wconf 82' lang='grc' dir='ltr'><strong>καὶ</strong></span> <span class='ocrx_word' id='word_1_18' title='bbox 1159 676 1256 752; x_wconf 89' lang='grc' dir='ltr'><em>μίαν.</em></span> 
     </span>
     <span class='ocr_line' id='line_1_4' title="bbox 230 774 661 856; baseline 0.009 -18"><span class='ocrx_word' id='word_1_19' title='bbox 230 774 292 840; x_wconf 90' lang='lat' dir='ltr'><strong>His</strong></span> <span class='ocrx_word' id='word_1_20' title='bbox 315 777 394 842; x_wconf 90' lang='lat' dir='ltr'><strong>locis</strong></span> <span class='ocrx_word' id='word_1_21' title='bbox 418 787 493 856; x_wconf 89' lang='lat' dir='ltr'><strong>apte</strong></span> <span class='ocrx_word' id='word_1_22' title='bbox 518 778 661 842; x_wconf 82' lang='lat' dir='ltr'>additur:</span> 
     </span>
     <span class='ocr_line' id='line_1_5' title="bbox 212 877 1152 972; baseline 0.004 -26"><span class='ocrx_word' id='word_1_23' title='bbox 212 885 272 948; x_wconf 82' lang='lat' dir='ltr'><strong>AV.</strong></span> <span class='ocrx_word' id='word_1_24' title='bbox 297 890 370 948; x_wconf 85' lang='grc'><strong>970.</strong></span> <span class='ocrx_word' id='word_1_25' title='bbox 396 878 518 970; x_wconf 55' lang='grc' dir='ltr'><strong>ιἧνίξαέΐ</strong></span> <span class='ocrx_word' id='word_1_26' title='bbox 543 877 560 946; x_wconf 81' lang='grc' dir='ltr'>ὁ</span> <span class='ocrx_word' id='word_1_27' title='bbox 589 881 684 955; x_wconf 72' lang='grc' dir='ltr'><strong><em>Βάκις</em></strong></span> <span class='ocrx_word' id='word_1_28' title='bbox 706 890 803 948; x_wconf 80' lang='grc' dir='ltr'><em>τοῦτο</em></span> <span class='ocrx_word' id='word_1_29' title='bbox 825 881 951 972; x_wconf 50' lang='lat' dir='ltr'><strong>apost)</strong></span> <span class='ocrx_word' id='word_1_30' title='bbox 975 881 1033 950; x_wconf 84' lang='grc' dir='ltr'><strong>τὸν</strong></span> <span class='ocrx_word' id='word_1_31' title='bbox 1056 882 1152 970; x_wconf 79' lang='grc' dir='ltr'><em>ἀέρα,</em></span> 
     </span>
     <span class='ocr_line' id='line_1_6' title="bbox 125 985 1312 1076; baseline 0.003 -24"><span class='ocrx_word' id='word_1_32' title='bbox 125 988 179 1053; x_wconf 89' lang='lat' dir='ltr'><strong>ubi</strong></span> <span class='ocrx_word' id='word_1_33' title='bbox 192 985 275 1070; x_wconf 86' lang='grc' dir='ltr'><em>πρός</em></span> <span class='ocrx_word' id='word_1_34' title='bbox 292 1009 362 1057; x_wconf 87' lang='lat' dir='ltr'><strong>cum</strong></span> <span class='ocrx_word' id='word_1_35' title='bbox 379 1010 527 1057; x_wconf 80' lang='lat' dir='ltr'><strong>asceam</strong></span> <span class='ocrx_word' id='word_1_36' title='bbox 542 1011 610 1058; x_wconf 86' lang='lat' dir='ltr'><strong>rem</strong></span> <span class='ocrx_word' id='word_1_37' title='bbox 626 993 761 1076; x_wconf 81' lang='lat' dir='ltr'><strong>indicat,</strong></span> <span class='ocrx_word' id='word_1_38' title='bbox 786 994 826 1057; x_wconf 88' lang='lat' dir='ltr'><strong>ad</strong></span> <span class='ocrx_word' id='word_1_39' title='bbox 845 1012 941 1073; x_wconf 87' lang='lat' dir='ltr'><strong>quarn</strong></span> <span class='ocrx_word' id='word_1_40' title='bbox 958 995 1127 1060; x_wconf 89' lang='lat' dir='ltr'><strong>oraculum</strong></span> <span class='ocrx_word' id='word_1_41' title='bbox 1146 997 1312 1076; x_wconf 83' lang='lat' dir='ltr'><strong>pertinet..</strong></span> 
     </span>
    </p>
   </div>
   <div class='ocr_carea' id='block_1_4' title="bbox 120 1134 1301 2496">
    <p class='ocr_par' dir='ltr' id='par_1_4' title="bbox 660 1134 754 1220">
     <span class='ocr_line' id='line_1_7' title="bbox 660 1134 754 1220; baseline 0 -20"><span class='ocrx_word' id='word_1_42' title='bbox 660 1134 678 1220; x_wconf 64' lang='grc' dir='ltr'>ξ</span> <span class='ocrx_word' id='word_1_43' title='bbox 705 1142 754 1200; x_wconf 87' lang='grc'><strong>13.</strong></span> 
     </span>
    </p>

    <p class='ocr_par' dir='ltr' id='par_1_5' title="bbox 228 1238 1301 1327">
     <span class='ocr_line' id='line_1_8' title="bbox 228 1238 1301 1327; baseline 0.006 -20"><span class='ocrx_word' id='word_1_44' title='bbox 228 1242 286 1307; x_wconf 94' lang='lat' dir='ltr'><strong>Bis</strong></span> <span class='ocrx_word' id='word_1_45' title='bbox 309 1238 393 1325; x_wconf 82' lang='grc' dir='ltr'><em>πρός</em></span> <span class='ocrx_word' id='word_1_46' title='bbox 420 1261 490 1306; x_wconf 90' lang='lat' dir='ltr'><strong>cum</strong></span> <span class='ocrx_word' id='word_1_47' title='bbox 515 1261 579 1307; x_wconf 89' lang='lat' dir='ltr'><strong>acc.</strong></span> <span class='ocrx_word' id='word_1_48' title='bbox 611 1242 659 1307; x_wconf 91' lang='lat' dir='ltr'><strong>ita</strong></span> <span class='ocrx_word' id='word_1_49' title='bbox 690 1243 875 1327; x_wconf 82' lang='lat' dir='ltr'><strong>adhibetur,</strong></span> <span class='ocrx_word' id='word_1_50' title='bbox 911 1252 948 1308; x_wconf 93' lang='lat' dir='ltr'><strong>ut</strong></span> <span class='ocrx_word' id='word_1_51' title='bbox 979 1245 1086 1309; x_wconf 88' lang='lat' dir='ltr'><strong>altera</strong></span> <span class='ocrx_word' id='word_1_52' title='bbox 1115 1264 1173 1311; x_wconf 91' lang='lat' dir='ltr'><strong>res</strong></span> <span class='ocrx_word' id='word_1_53' title='bbox 1205 1247 1301 1312; x_wconf 89' lang='lat' dir='ltr'><strong>alteri</strong></span> 
     </span>
    </p>

    <p class='ocr_par' dir='ltr' id='par_1_6' title="bbox 123 1349 463 1414">
     <span class='ocr_line' id='line_1_9' title="bbox 123 1349 463 1414; baseline 0.009 -3"><span class='ocrx_word' id='word_1_54' title='bbox 123 1349 297 1414; x_wconf 87' lang='lat' dir='ltr'><strong>convenire</strong></span> <span class='ocrx_word' id='word_1_55' title='bbox 320 1349 463 1414; x_wconf 85' lang='lat' dir='ltr'><strong>dicatur:</strong></span> 
     </span>
    </p>

    <p class='ocr_par' dir='ltr' id='par_1_7' title="bbox 210 1451 1259 1542">
     <span class='ocr_line' id='line_1_10' title="bbox 210 1451 1259 1542; baseline 0.003 -22"><span class='ocrx_word' id='word_1_56' title='bbox 210 1455 336 1522; x_wconf 81' lang='lat' dir='ltr'><strong>Thesm.</strong></span> <span class='ocrx_word' id='word_1_57' title='bbox 364 1459 434 1521; x_wconf 83' lang='lat'><strong>149.</strong></span> <span class='ocrx_word' id='word_1_58' title='bbox 457 1453 517 1538; x_wconf 70' lang='grc' dir='ltr'><strong>χρὴ</strong></span> <span class='ocrx_word' id='word_1_59' title='bbox 541 1452 600 1539; x_wconf 75' lang='grc' dir='ltr'><strong>γὰρ</strong></span> <span class='ocrx_word' id='word_1_60' title='bbox 624 1451 766 1542; x_wconf 76' lang='grc' dir='ltr'><em>ποιητὴν</em></span> <span class='ocrx_word' id='word_1_61' title='bbox 790 1454 894 1539; x_wconf 82' lang='grc' dir='ltr'><em>ἄνδρα</em></span> <span class='ocrx_word' id='word_1_62' title='bbox 918 1453 1002 1540; x_wconf 80' lang='grc' dir='ltr'><em>πρὸς</em></span> <span class='ocrx_word' id='word_1_63' title='bbox 1025 1455 1064 1520; x_wconf 78' lang='grc' dir='ltr'><strong>τά</strong></span> <span class='ocrx_word' id='word_1_64' title='bbox 1092 1455 1259 1541; x_wconf 76' lang='grc' dir='ltr'><em>δράματα,</em></span> 
     </span>
    </p>

    <p class='ocr_par' dir='ltr' id='par_1_8' title="bbox 460 1559 1297 1848">
     <span class='ocr_line' id='line_1_11' title="bbox 460 1559 1297 1651; baseline 0.006 -25"><span class='ocrx_word' id='word_1_65' title='bbox 460 1559 483 1626; x_wconf 77' lang='grc' dir='ltr'><em>ὁὶ</em></span> <span class='ocrx_word' id='word_1_66' title='bbox 506 1564 559 1627; x_wconf 81' lang='grc' dir='ltr'><strong>δεῖ</strong></span> <span class='ocrx_word' id='word_1_67' title='bbox 579 1572 700 1638; x_wconf 79' lang='grc' dir='ltr'><em>ποιεῖν,</em></span> <span class='ocrx_word' id='word_1_68' title='bbox 725 1561 808 1645; x_wconf 79' lang='grc' dir='ltr'><em>πρὸς</em></span> <span class='ocrx_word' id='word_1_69' title='bbox 830 1569 932 1628; x_wconf 84' lang='grc' dir='ltr'><em>ταῦτα</em></span> <span class='ocrx_word' id='word_1_70' title='bbox 956 1562 1031 1636; x_wconf 81' lang='grc' dir='ltr'><strong>τούς</strong></span> <span class='ocrx_word' id='word_1_71' title='bbox 1046 1561 1198 1651; x_wconf 79' lang='grc' dir='ltr'><strong><em>τρόπους</em></strong></span> <span class='ocrx_word' id='word_1_72' title='bbox 1215 1565 1297 1647; x_wconf 84' lang='grc' dir='ltr'><em>ἔχειν</em></span> 
     </span>
     <span class='ocr_line' id='line_1_12' title="bbox 699 1672 1256 1756; baseline 0.009 -20"><span class='ocrx_word' id='word_1_73' title='bbox 699 1673 817 1754; x_wconf 88' lang='lat' dir='ltr'><strong>(mores</strong></span> <span class='ocrx_word' id='word_1_74' title='bbox 840 1672 1024 1738; x_wconf 86' lang='lat' dir='ltr'><strong>fabularum</strong></span> <span class='ocrx_word' id='word_1_75' title='bbox 1049 1678 1256 1756; x_wconf 82' lang='lat' dir='ltr'><strong>argumentis</strong></span> 
     </span>
     <span class='ocr_line' id='line_1_13' title="bbox 699 1780 953 1848; baseline -0.012 -4"><span class='ocrx_word' id='word_1_76' title='bbox 699 1780 953 1848; x_wconf 85' lang='lat' dir='ltr'><strong>convenientes).</strong></span> 
     </span>
    </p>

    <p class='ocr_par' dir='ltr' id='par_1_9' title="bbox 210 1882 1286 2184">
     <span class='ocr_line' id='line_1_14' title="bbox 210 1882 1286 1972; baseline 0.001 -22"><span class='ocrx_word' id='word_1_77' title='bbox 210 1885 299 1951; x_wconf 83' lang='lat' dir='ltr'><strong>Ecol.</strong></span> <span class='ocrx_word' id='word_1_78' title='bbox 324 1892 395 1951; x_wconf 87' lang='grc'>969.</span> <span class='ocrx_word' id='word_1_79' title='bbox 421 1890 523 1948; x_wconf 84' lang='grc' dir='ltr'><em>ταῦτα</em></span> <span class='ocrx_word' id='word_1_80' title='bbox 549 1891 660 1949; x_wconf 82' lang='grc' dir='ltr'><em>αὲντοο</em></span> <span class='ocrx_word' id='word_1_81' title='bbox 689 1890 827 1967; x_wconf 83' lang='grc' dir='ltr'><em>μετρίως</em></span> <span class='ocrx_word' id='word_1_82' title='bbox 850 1883 935 1969; x_wconf 79' lang='grc' dir='ltr'><em>πρὸς</em></span> <span class='ocrx_word' id='word_1_83' title='bbox 957 1884 1016 1972; x_wconf 75' lang='grc' dir='ltr'><strong>τὴν</strong></span> <span class='ocrx_word' id='word_1_84' title='bbox 1040 1883 1130 1972; x_wconf 56' lang='lat' dir='ltr'><strong>ripis</strong></span> <span class='ocrx_word' id='word_1_85' title='bbox 1156 1882 1286 1972; x_wconf 75' lang='grc' dir='ltr'><em>α’νάγκρν</em></span> 
     </span>
     <span class='ocr_line' id='line_1_15' title="bbox 547 1991 1248 2080; baseline 0.011 -25"><span class='ocrx_word' id='word_1_86' title='bbox 547 1993 702 2078; x_wconf 72' lang='grc' dir='ltr'><em>(εἰρημέν’</em></span> <span class='ocrx_word' id='word_1_87' title='bbox 711 1991 808 2074; x_wconf 79' lang='grc' dir='ltr'><em>ἔστιν)</em></span> <span class='ocrx_word' id='word_1_88' title='bbox 822 1995 922 2073; x_wconf 80' lang='lat' dir='ltr'><strong>(haec,</strong></span> <span class='ocrx_word' id='word_1_89' title='bbox 933 2014 1017 2075; x_wconf 88' lang='lat' dir='ltr'><strong>quae</strong></span> <span class='ocrx_word' id='word_1_90' title='bbox 1031 1996 1161 2080; x_wconf 86' lang='lat' dir='ltr'><strong>dixisti,</strong></span> <span class='ocrx_word' id='word_1_91' title='bbox 1176 1999 1248 2064; x_wconf 90' lang='lat' dir='ltr'><strong>satis</strong></span> 
     </span>
     <span class='ocr_line' id='line_1_16' title="bbox 547 2101 1096 2184; baseline 0.007 -20"><span class='ocrx_word' id='word_1_92' title='bbox 547 2101 736 2166; x_wconf 81' lang='lat' dir='ltr'><strong>necessitati</strong></span> <span class='ocrx_word' id='word_1_93' title='bbox 761 2119 849 2166; x_wconf 89' lang='lat' dir='ltr'><strong>meae</strong></span> <span class='ocrx_word' id='word_1_94' title='bbox 874 2103 1096 2184; x_wconf 88' lang='lat' dir='ltr'><strong>conveniunt).</strong></span> 
     </span>
    </p>

    <p class='ocr_par' dir='ltr' id='par_1_10' title="bbox 226 2209 1032 2290">
     <span class='ocr_line' id='line_1_17' title="bbox 226 2209 1032 2290; baseline 0 -16"><span class='ocrx_word' id='word_1_95' title='bbox 226 2209 279 2274; x_wconf 88' lang='lat' dir='ltr'><strong>Ad</strong></span> <span class='ocrx_word' id='word_1_96' title='bbox 303 2212 386 2275; x_wconf 90' lang='lat' dir='ltr'><strong>hauc</strong></span> <span class='ocrx_word' id='word_1_97' title='bbox 409 2211 476 2274; x_wconf 90' lang='lat' dir='ltr'><strong>vim</strong></span> <span class='ocrx_word' id='word_1_98' title='bbox 500 2210 752 2290; x_wconf 81' lang='lat' dir='ltr'><strong>praepositionis</strong></span> <span class='ocrx_word' id='word_1_99' title='bbox 775 2228 891 2275; x_wconf 90' lang='lat' dir='ltr'><strong>revoco</strong></span> <span class='ocrx_word' id='word_1_100' title='bbox 916 2210 1032 2274; x_wconf 90' lang='lat' dir='ltr'><strong>etiam:</strong></span> 
     </span>
    </p>

    <p class='ocr_par' dir='ltr' id='par_1_11' title="bbox 208 2312 941 2400">
     <span class='ocr_line' id='line_1_18' title="bbox 208 2312 941 2400; baseline -0.003 -18"><span class='ocrx_word' id='word_1_101' title='bbox 208 2319 288 2382; x_wconf 84' lang='lat' dir='ltr'><strong>Ach.</strong></span> <span class='ocrx_word' id='word_1_102' title='bbox 314 2323 386 2381; x_wconf 81' lang='grc'><strong>783.</strong></span> <span class='ocrx_word' id='word_1_103' title='bbox 410 2313 536 2380; x_wconf 81' lang='grc' dir='ltr'><em>ποττὰν</em></span> <span class='ocrx_word' id='word_1_104' title='bbox 559 2314 674 2398; x_wconf 75' lang='grc' dir='ltr'><em>ματέρ’</em></span> <span class='ocrx_word' id='word_1_105' title='bbox 699 2312 941 2400; x_wconf 67' lang='grc' dir='ltr'><em>εἰκασθήσεται,</em></span> 
     </span>
    </p>

    <p class='ocr_par' dir='ltr' id='par_1_12' title="bbox 120 2419 979 2496">
     <span class='ocr_line' id='line_1_19' title="bbox 120 2419 979 2496; baseline -0.002 -8"><span class='ocrx_word' id='word_1_106' title='bbox 120 2424 175 2488; x_wconf 91' lang='lat' dir='ltr'><strong>ubi</strong></span> <span class='ocrx_word' id='word_1_107' title='bbox 199 2423 398 2488; x_wconf 86' lang='lat' dir='ltr'><strong>constructio</strong></span> <span class='ocrx_word' id='word_1_108' title='bbox 422 2425 546 2488; x_wconf 84' lang='lat' dir='ltr'><strong>usitata</strong></span> <span class='ocrx_word' id='word_1_109' title='bbox 570 2429 670 2489; x_wconf 85' lang='lat' dir='ltr'><strong>osset:</strong></span> <span class='ocrx_word' id='word_1_110' title='bbox 695 2419 885 2496; x_wconf 74' lang='grc' dir='ltr'><em>εἰκάζεσ9αί</em></span> <span class='ocrx_word' id='word_1_111' title='bbox 906 2446 979 2486; x_wconf 79' lang='grc' dir='ltr'><em>τινι.</em></span> 
     </span>
    </p>
   </div>
   <div class='ocr_carea' id='block_1_5' title="bbox 118 2563 1295 3512">
    <p class='ocr_par' dir='ltr' id='par_1_13' title="bbox 657 2563 753 2651">
     <span class='ocr_line' id='line_1_20' title="bbox 657 2563 753 2651; baseline 0 -22"><span class='ocrx_word' id='word_1_112' title='bbox 657 2563 676 2651; x_wconf 62' lang='grc' dir='ltr'>ξ</span> <span class='ocrx_word' id='word_1_113' title='bbox 704 2571 753 2630; x_wconf 86' lang='lat'><strong>14.</strong></span> 
     </span>
    </p>

    <p class='ocr_par' dir='ltr' id='par_1_14' title="bbox 120 2668 1283 2865">
     <span class='ocr_line' id='line_1_21' title="bbox 137 2668 1283 2758; baseline 0.004 -21"><span class='ocrx_word' id='word_1_114' title='bbox 137 2730 140 2736; x_wconf 88' lang='lat'><strong>.</strong></span> <span class='ocrx_word' id='word_1_115' title='bbox 225 2675 265 2738; x_wconf 91' lang='lat' dir='ltr'><strong>In</strong></span> <span class='ocrx_word' id='word_1_116' title='bbox 290 2673 451 2739; x_wconf 84' lang='lat' dir='ltr'><strong>locutione</strong></span> <span class='ocrx_word' id='word_1_117' title='bbox 474 2681 664 2738; x_wconf 89' lang='lat' dir='ltr'><strong>constanter</strong></span> <span class='ocrx_word' id='word_1_118' title='bbox 686 2672 833 2737; x_wconf 86' lang='lat' dir='ltr'><strong>adhibita</strong></span> <span class='ocrx_word' id='word_1_119' title='bbox 856 2668 939 2755; x_wconf 80' lang='grc' dir='ltr'><em>πρὸς</em></span> <span class='ocrx_word' id='word_1_120' title='bbox 962 2674 1065 2735; x_wconf 84' lang='grc' dir='ltr'><em>ταῦτα</em></span> <span class='ocrx_word' id='word_1_121' title='bbox 1096 2674 1283 2758; x_wconf 84' lang='lat' dir='ltr'><strong>praepositio</strong></span> 
     </span>
     <span class='ocr_line' id='line_1_22' title="bbox 120 2780 543 2865; baseline -0.005 -18"><span class='ocrx_word' id='word_1_122' title='bbox 120 2781 204 2847; x_wconf 85' lang='lat' dir='ltr'><strong>verti</strong></span> <span class='ocrx_word' id='word_1_123' title='bbox 227 2788 336 2862; x_wconf 87' lang='lat' dir='ltr'><strong>potest</strong></span> <span class='ocrx_word' id='word_1_124' title='bbox 362 2780 543 2865; x_wconf 58' lang='lat' dir='ltr'><strong>„propter‘t</strong></span> 
     </span>
    </p>

    <p class='ocr_par' dir='ltr' id='par_1_15' title="bbox 118 2888 1293 3188">
     <span class='ocr_line' id='line_1_23' title="bbox 225 2888 1293 2969; baseline -0.001 -15"><span class='ocrx_word' id='word_1_125' title='bbox 225 2890 306 2969; x_wconf 77' lang='lat' dir='ltr'><strong>nqu.</strong></span> <span class='ocrx_word' id='word_1_126' title='bbox 333 2893 413 2968; x_wconf 74' lang='lat'><strong>7603</strong></span> <span class='ocrx_word' id='word_1_127' title='bbox 437 2889 520 2953; x_wconf 78' lang='lat' dir='ltr'><strong>Nus.</strong></span> <span class='ocrx_word' id='word_1_128' title='bbox 546 2891 619 2952; x_wconf 87' lang='lat'>990.</span> <span class='ocrx_word' id='word_1_129' title='bbox 645 2894 717 2952; x_wconf 83' lang='lat' dir='ltr'><strong>ooo.</strong></span> <span class='ocrx_word' id='word_1_130' title='bbox 744 2892 843 2968; x_wconf 85' lang='lat'><strong>1433;</strong></span> <span class='ocrx_word' id='word_1_131' title='bbox 867 2888 966 2968; x_wconf 79' lang='lat' dir='ltr'><strong>Vesp.</strong></span> <span class='ocrx_word' id='word_1_132' title='bbox 992 2893 1065 2952; x_wconf 72' lang='lat' dir='ltr'><strong>aas.</strong></span> <span class='ocrx_word' id='word_1_133' title='bbox 1092 2894 1170 2956; x_wconf 72' lang='grc' dir='ltr'><strong>αντ.</strong></span> <span class='ocrx_word' id='word_1_134' title='bbox 1191 2892 1293 2968; x_wconf 67' lang='grc' dir='ltr'><em>τοτα,</em></span> 
     </span>
     <span class='ocr_line' id='line_1_24' title="bbox 118 2994 1289 3081; baseline 0.001 -20"><span class='ocrx_word' id='word_1_135' title='bbox 118 2997 192 3061; x_wconf 79' lang='lat' dir='ltr'><strong>Pae.</strong></span> <span class='ocrx_word' id='word_1_136' title='bbox 218 3001 269 3059; x_wconf 82' lang='lat' dir='ltr'><strong>uo.</strong></span> <span class='ocrx_word' id='word_1_137' title='bbox 300 3002 374 3061; x_wconf 83' lang='lat'>416.</span> <span class='ocrx_word' id='word_1_138' title='bbox 400 3000 472 3060; x_wconf 80' lang='lat' dir='ltr'><strong>uas.</strong></span> <span class='ocrx_word' id='word_1_139' title='bbox 505 3000 607 3075; x_wconf 80' lang='lat'>15133</span> <span class='ocrx_word' id='word_1_140' title='bbox 643 2994 729 3059; x_wconf 81' lang='grc' dir='ltr'><strong>Εοα.</strong></span> <span class='ocrx_word' id='word_1_141' title='bbox 754 3000 827 3059; x_wconf 72' lang='lat' dir='ltr'><strong>sse.</strong></span> <span class='ocrx_word' id='word_1_142' title='bbox 861 2997 1063 3075; x_wconf 81' lang='lat' dir='ltr'><strong>esr.1140;</strong></span> <span class='ocrx_word' id='word_1_143' title='bbox 1101 2996 1228 3081; x_wconf 76' lang='lat' dir='ltr'><strong>Frgms</strong></span> <span class='ocrx_word' id='word_1_144' title='bbox 1248 2996 1289 3062; x_wconf 87' lang='grc'><strong>11.</strong></span> 
     </span>
     <span class='ocr_line' id='line_1_25' title="bbox 120 3098 658 3188; baseline -0.007 -20"><span class='ocrx_word' id='word_1_145' title='bbox 120 3108 203 3168; x_wconf 88' lang='grc'><strong>1031</strong></span> <span class='ocrx_word' id='word_1_146' title='bbox 229 3103 293 3168; x_wconf 88' lang='lat' dir='ltr'><strong>XV</strong></span> <span class='ocrx_word' id='word_1_147' title='bbox 317 3099 369 3188; x_wconf 80' lang='lat' dir='ltr'><strong>[K.</strong></span> <span class='ocrx_word' id='word_1_148' title='bbox 394 3108 474 3183; x_wconf 77' lang='lat'><strong>2223</strong></span> <span class='ocrx_word' id='word_1_149' title='bbox 497 3102 547 3167; x_wconf 93' lang='grc' dir='ltr'><strong>Β1.</strong></span> <span class='ocrx_word' id='word_1_150' title='bbox 572 3098 658 3187; x_wconf 64' lang='lat'><strong>212}</strong></span> 
     </span>
    </p>

    <p class='ocr_par' dir='ltr' id='par_1_16' title="bbox 225 3206 862 3294">
     <span class='ocr_line' id='line_1_26' title="bbox 225 3206 862 3294; baseline 0.002 -22"><span class='ocrx_word' id='word_1_151' title='bbox 225 3206 314 3294; x_wconf 87' lang='grc' dir='ltr'><em>Πρός</em></span> <span class='ocrx_word' id='word_1_152' title='bbox 337 3210 445 3275; x_wconf 88' lang='lat' dir='ltr'><strong>eodem</strong></span> <span class='ocrx_word' id='word_1_153' title='bbox 472 3209 565 3274; x_wconf 87' lang='lat' dir='ltr'><strong>modo</strong></span> <span class='ocrx_word' id='word_1_154' title='bbox 589 3208 777 3289; x_wconf 88' lang='lat' dir='ltr'><strong>accipienda</strong></span> <span class='ocrx_word' id='word_1_155' title='bbox 800 3214 862 3273; x_wconf 88' lang='lat' dir='ltr'><strong>est:</strong></span> 
     </span>
    </p>

    <p class='ocr_par' dir='ltr' id='par_1_17' title="bbox 206 3311 1292 3402">
     <span class='ocr_line' id='line_1_27' title="bbox 206 3311 1292 3402; baseline 0.003 -20"><span class='ocrx_word' id='word_1_156' title='bbox 206 3318 281 3383; x_wconf 85' lang='lat' dir='ltr'><strong>Pac.</strong></span> <span class='ocrx_word' id='word_1_157' title='bbox 297 3325 368 3383; x_wconf 85' lang='lat'>305.</span> <span class='ocrx_word' id='word_1_158' title='bbox 382 3313 542 3397; x_wconf 79' lang='grc' dir='ltr'><em>πρόςταδ’</em></span> <span class='ocrx_word' id='word_1_159' title='bbox 555 3311 644 3401; x_wconf 75' lang='grc' dir='ltr'><em>ἡμῖν,</em></span> <span class='ocrx_word' id='word_1_160' title='bbox 658 3315 691 3379; x_wconf 85' lang='grc' dir='ltr'><strong>εἴ</strong></span> <span class='ocrx_word' id='word_1_161' title='bbox 700 3341 732 3379; x_wconf 80' lang='grc' dir='ltr'><strong>τε</strong></span> <span class='ocrx_word' id='word_1_162' title='bbox 743 3311 803 3401; x_wconf 75' lang='grc' dir='ltr'><strong>χρὴ</strong></span> <span class='ocrx_word' id='word_1_163' title='bbox 817 3317 909 3399; x_wconf 82' lang='grc' dir='ltr'><em>δρᾶν,</em></span> <span class='ocrx_word' id='word_1_164' title='bbox 923 3314 1024 3399; x_wconf 76' lang='grc' dir='ltr'><em>φράζε</em></span> <span class='ocrx_word' id='word_1_165' title='bbox 1037 3313 1292 3402; x_wconf 76' lang='grc' dir='ltr'><em>κάρχιτεκτόνει.</em></span> 
     </span>
    </p>

    <p class='ocr_par' dir='ltr' id='par_1_18' title="bbox 207 3421 1295 3512">
     <span class='ocr_line' id='line_1_28' title="bbox 207 3421 1295 3512; baseline 0.001 -22"><span class='ocrx_word' id='word_1_166' title='bbox 207 3425 292 3490; x_wconf 83' lang='lat' dir='ltr'><strong>Eccl.</strong></span> <span class='ocrx_word' id='word_1_167' title='bbox 308 3433 378 3491; x_wconf 84' lang='lat'>751.</span> <span class='ocrx_word' id='word_1_168' title='bbox 393 3421 487 3488; x_wconf 76' lang='grc' dir='ltr'><em>οὐδὲν</em></span> <span class='ocrx_word' id='word_1_169' title='bbox 498 3421 797 3508; x_wconf 77' lang='grc' dir='ltr'><em>πρὸςὲποςέκβαλῶ</em></span> <span class='ocrx_word' id='word_1_170' title='bbox 807 3425 943 3506; x_wconf 87' lang='lat' dir='ltr'><strong>(nullius</strong></span> <span class='ocrx_word' id='word_1_171' title='bbox 952 3427 1162 3493; x_wconf 88' lang='lat' dir='ltr'><strong>emolumenti</strong></span> <span class='ocrx_word' id='word_1_172' title='bbox 1171 3428 1295 3512; x_wconf 63' lang='lat' dir='ltr'><strong>caum).</strong></span> 
     </span>
    </p>
   </div>
   <div class='ocr_carea' id='block_1_6' title="bbox 206 3571 1296 4190">
    <p class='ocr_par' dir='ltr' id='par_1_19' title="bbox 206 3571 1296 4190">
     <span class='ocr_line' id='line_1_29' title="bbox 656 3571 749 3648; baseline -0.022 -16"><span class='ocrx_word' id='word_1_173' title='bbox 656 3571 673 3648; x_wconf 64' lang='grc' dir='ltr'>ξ</span> <span class='ocrx_word' id='word_1_174' title='bbox 702 3574 749 3632; x_wconf 81' lang='lat'><strong>15.</strong></span> 
     </span>
     <span class='ocr_line' id='line_1_30' title="bbox 224 3670 1100 3759; baseline 0.001 -18"><span class='ocrx_word' id='word_1_175' title='bbox 224 3677 380 3742; x_wconf 83' lang='lat' dir='ltr'><strong>Aduerbii</strong></span> <span class='ocrx_word' id='word_1_176' title='bbox 405 3677 476 3741; x_wconf 86' lang='lat' dir='ltr'><strong>vice</strong></span> <span class='ocrx_word' id='word_1_177' title='bbox 500 3676 650 3756; x_wconf 82' lang='lat' dir='ltr'><strong>tungitur</strong></span> <span class='ocrx_word' id='word_1_178' title='bbox 672 3670 756 3759; x_wconf 80' lang='grc' dir='ltr'><em>πρός</em></span> <span class='ocrx_word' id='word_1_179' title='bbox 780 3692 850 3747; x_wconf 84' lang='lat' dir='ltr'><strong>cum</strong></span> <span class='ocrx_word' id='word_1_180' title='bbox 875 3675 1004 3742; x_wconf 87' lang='lat' dir='ltr'><strong>nomine</strong></span> <span class='ocrx_word' id='word_1_181' title='bbox 1028 3695 1100 3742; x_wconf 91' lang='lat' dir='ltr'><strong>suo:</strong></span> 
     </span>
     <span class='ocr_line' id='line_1_31' title="bbox 206 3780 596 3869; baseline -0.003 -21"><span class='ocrx_word' id='word_1_182' title='bbox 206 3784 287 3864; x_wconf 82' lang='lat' dir='ltr'><strong>Equ.</strong></span> <span class='ocrx_word' id='word_1_183' title='bbox 313 3790 385 3848; x_wconf 85' lang='grc'><strong>398.</strong></span> <span class='ocrx_word' id='word_1_184' title='bbox 409 3780 494 3869; x_wconf 82' lang='grc' dir='ltr'><em>πρὸς</em></span> <span class='ocrx_word' id='word_1_185' title='bbox 516 3789 596 3847; x_wconf 79' lang='grc' dir='ltr'><strong>πᾶν.</strong></span> 
     </span>
     <span class='ocr_line' id='line_1_32' title="bbox 207 3890 1296 3976; baseline 0.006 -20"><span class='ocrx_word' id='word_1_186' title='bbox 207 3890 286 3956; x_wconf 90' lang='lat' dir='ltr'><strong>Ach.</strong></span> <span class='ocrx_word' id='word_1_187' title='bbox 313 3897 369 3972; x_wconf 82' lang='lat'><strong>733</strong></span> <span class='ocrx_word' id='word_1_188' title='bbox 394 3891 490 3972; x_wconf 90' lang='lat' dir='ltr'><strong>Vesp.</strong></span> <span class='ocrx_word' id='word_1_189' title='bbox 514 3897 588 3957; x_wconf 84' lang='lat'>443.</span> <span class='ocrx_word' id='word_1_190' title='bbox 615 3897 718 3970; x_wconf 82' lang='lat'>10803</span> <span class='ocrx_word' id='word_1_191' title='bbox 750 3891 826 3972; x_wconf 88' lang='lat' dir='ltr'><strong>Lys.</strong></span> <span class='ocrx_word' id='word_1_192' title='bbox 853 3897 932 3972; x_wconf 81' lang='lat'><strong>1633</strong></span> <span class='ocrx_word' id='word_1_193' title='bbox 960 3891 1041 3956; x_wconf 87' lang='lat' dir='ltr'><strong>Rau.</strong></span> <span class='ocrx_word' id='word_1_194' title='bbox 1069 3897 1173 3976; x_wconf 82' lang='lat'><strong>14573</strong></span> <span class='ocrx_word' id='word_1_195' title='bbox 1204 3895 1296 3962; x_wconf 81' lang='lat' dir='ltr'><strong>Eccl.</strong></span> 
     </span>
     <span class='ocr_line' id='line_1_33' title="bbox 856 3997 1249 4083; baseline 0.013 -23"><span class='ocrx_word' id='word_1_196' title='bbox 856 4001 930 4062; x_wconf 83' lang='lat'>467.</span> <span class='ocrx_word' id='word_1_197' title='bbox 955 4005 1029 4064; x_wconf 82' lang='lat'>471.</span> <span class='ocrx_word' id='word_1_198' title='bbox 1054 3997 1139 4082; x_wconf 81' lang='grc' dir='ltr'><em>πρὸς</em></span> <span class='ocrx_word' id='word_1_199' title='bbox 1163 4004 1249 4083; x_wconf 80' lang='grc' dir='ltr'><em>βίαν.</em></span> 
     </span>
     <span class='ocr_line' id='line_1_34' title="bbox 206 4098 1153 4190; baseline -0.004 -21"><span class='ocrx_word' id='word_1_200' title='bbox 206 4104 288 4171; x_wconf 82' lang='lat' dir='ltr'><strong>Rau.</strong></span> <span class='ocrx_word' id='word_1_201' title='bbox 312 4110 385 4170; x_wconf 83' lang='lat'>844.</span> <span class='ocrx_word' id='word_1_202' title='bbox 409 4112 483 4170; x_wconf 82' lang='lat'><strong>856.</strong></span> <span class='ocrx_word' id='word_1_203' title='bbox 508 4112 580 4172; x_wconf 86' lang='grc'><strong>998.</strong></span> <span class='ocrx_word' id='word_1_204' title='bbox 605 4100 688 4189; x_wconf 79' lang='grc' dir='ltr'><em>πρὸς</em></span> <span class='ocrx_word' id='word_1_205' title='bbox 712 4098 819 4190; x_wconf 73' lang='grc' dir='ltr'><strong>ὀργήν.</strong></span> <span class='ocrx_word' id='word_1_206' title='bbox 1150 4122 1153 4127; x_wconf 89' lang='grc'><em>·</em></span> 
     </span>
    </p>
   </div>
   <div class='ocr_carea' id='block_1_7' title="bbox 180 4269 1304 4444">
    <p class='ocr_par' dir='ltr' id='par_1_20' title="bbox 180 4269 1304 4444">
     <span class='ocr_line' id='line_1_35' title="bbox 180 4269 1304 4360; baseline 0.005 -25"><span class='ocrx_word' id='word_1_207' title='bbox 180 4283 206 4349; x_wconf 85' lang='grc'><strong>*)</strong></span> <span class='ocrx_word' id='word_1_208' title='bbox 225 4283 332 4336; x_wconf 86' lang='lat' dir='ltr'><strong>Dicitur</strong></span> <span class='ocrx_word' id='word_1_209' title='bbox 351 4282 522 4338; x_wconf 67' lang='grc' dir='ltr'><em>αἰνίττεσθαι</em></span> <span class='ocrx_word' id='word_1_210' title='bbox 543 4286 592 4344; x_wconf 78' lang='grc' dir='ltr'><strong>εἷς</strong></span> <span class='ocrx_word' id='word_1_211' title='bbox 610 4304 649 4338; x_wconf 79' lang='lat' dir='ltr'><strong>n:</strong></span> <span class='ocrx_word' id='word_1_212' title='bbox 676 4283 743 4349; x_wconf 76' lang='lat' dir='ltr'><strong>Equ</strong></span> <span class='ocrx_word' id='word_1_213' title='bbox 764 4283 833 4336; x_wconf 81' lang='lat'>1085</span> <span class='ocrx_word' id='word_1_214' title='bbox 854 4271 882 4343; x_wconf 73' lang='grc' dir='ltr'><strong>ἒς</strong></span> <span class='ocrx_word' id='word_1_215' title='bbox 901 4278 950 4354; x_wconf 60' lang='grc' dir='ltr'><strong>τὴν</strong></span> <span class='ocrx_word' id='word_1_216' title='bbox 971 4282 1043 4356; x_wconf 85' lang='grc' dir='ltr'><em>χεῖρ’</em></span> <span class='ocrx_word' id='word_1_217' title='bbox 1062 4269 1155 4357; x_wconf 69' lang='grc' dir='ltr'><em>ὅρθῶς</em></span> <span class='ocrx_word' id='word_1_218' title='bbox 1181 4273 1304 4360; x_wconf 67' lang='grc' dir='ltr'><em>ᾐνίξατο·</em></span> 
     </span>
     <span class='ocr_line' id='line_1_36' title="bbox 224 4361 1062 4444; baseline -0.002 -16"><span class='ocrx_word' id='word_1_219' title='bbox 224 4367 273 4444; x_wconf 73' lang='grc' dir='ltr'><strong>τὴν</strong></span> <span class='ocrx_word' id='word_1_220' title='bbox 292 4377 472 4439; x_wconf 52' lang='lat' dir='ltr'><strong>[intrusionem</strong></span> <span class='ocrx_word' id='word_1_221' title='bbox 492 4373 553 4425; x_wconf 82' lang='lat' dir='ltr'><strong>Pac.</strong></span> <span class='ocrx_word' id='word_1_222' title='bbox 572 4374 606 4426; x_wconf 76' lang='lat'><strong>47</strong></span> <span class='ocrx_word' id='word_1_223' title='bbox 627 4361 655 4432; x_wconf 74' lang='grc' dir='ltr'><strong>ἒς</strong></span> <span class='ocrx_word' id='word_1_224' title='bbox 679 4366 797 4427; x_wconf 78' lang='grc' dir='ltr'><em>Κλέωνα</em></span> <span class='ocrx_word' id='word_1_225' title='bbox 817 4372 886 4426; x_wconf 69' lang='grc' dir='ltr'><em>τοῦτ’</em></span> <span class='ocrx_word' id='word_1_226' title='bbox 907 4373 1062 4427; x_wconf 83' lang='grc' dir='ltr'><em>αἰνίττεται.</em></span> 
     </span>
    </p>
   </div>
   <div class='ocr_carea' id='block_1_8' title="bbox 0 0 1426 4854">
    <p class='ocr_par' dir='ltr' id='par_1_21' title="bbox 0 0 1426 4854">
     <span class='ocr_line' id='line_1_37' title="bbox 0 0 1426 4854; baseline 0 1"><span class='ocrx_word' id='word_1_227' title='bbox 0 0 1426 4854; x_wconf 95' lang='lat' dir='ltr'><strong> </strong></span> 
     </span>
    </p>
   </div>
  </div>
 </body>
</html>
