2842 4854
582 366 803 424 ,17-

104 557 285 622 mutatione
306 574 371 620 non
395 574 476 637 opus
499 562 558 621 est.
605 556 825 622 Probabititer
848 557 1039 638 explanavit
1063 558 1149 622 hune
1174 559 1277 622 lorum

104 663 344 729 recentissimus
369 662 602 742 Aristophanis
625 662 745 746 editor,
774 662 933 746 Blaydes,
967 664 1022 744 qui
1055 682 1119 728 uon
1155 664 1277 745 piscem

104 771 208 852 ipsum
232 761 388 851 ὄκέλίειν,
413 770 471 836 sed
495 787 652 844 mensam,
676 768 709 834 in
734 789 800 850 qua
822 771 878 835 ille
902 778 1106 853 apportatur,
1131 771 1232 837 docet.

654 1016 672 1104 ξ
697 1025 726 1083 4.

207 1146 247 1211 In
271 1164 370 1210 versu

211 1272 298 1336 Plur.
327 1276 398 1335 337.
421 1264 527 1340 πολύς
550 1266 670 1352 (λόγος)
700 1264 757 1331 ἐπὶ
783 1277 868 1333 τοῖσι
896 1276 1076 1353 κουρείοισι
1106 1251 1174 1352 (ἦν)

100 1379 174 1444 sine
191 1377 395 1443 dubitatione
408 1377 579 1442 lectionem
596 1377 710 1458 optimi
723 1378 789 1442 cod.
804 1378 911 1462 (Van.)
957 1372 992 1440 ἐν
1008 1385 1076 1449 τοῖς
1098 1381 1278 1460 κουρείοισι

103 1504 176 1549 oum
208 1484 328 1550 Coheto
362 1483 507 1549 restituo.
567 1483 735 1548 Sermones
775 1485 859 1550 enim
899 1504 963 1549 non
991 1485 1077 1566 apud
1109 1491 1274 1550 tonsorum

103 1594 268 1672 tabernas,
293 1591 404 1657 sedin
430 1592 511 1672 ipsis
535 1590 707 1655 tonstrinis
731 1590 834 1656 fuisse
858 1592 1033 1657 dilucidum
1059 1598 1117 1658 est.
1164 1591 1276 1672 Neque

104 1697 182 1764 licet
204 1716 379 1780 opponere:

191 1824 287 1904 Vesp.
312 1829 385 1889 801.
419 1818 586 1886 δικάσοιεν
620 1818 678 1885 ἐπὶ
709 1830 779 1894 ταῖς
811 1819 946 1886 οἰκίαισι
970 1819 1027 1894 τοὶς
1050 1823 1148 1894 δίκας.

206 1949 288 2014 Nam
301 1948 400 2013 etiam
414 1948 495 2013 haer
509 1955 626 2029 poetae
639 1950 740 2014 verba
753 1949 942 2030 arripienda
954 1959 1032 2014 sunt
1046 1968 1109 2014 non
1122 1957 1159 2014 ut
1171 1949 1276 2014 Bekk.

99 2056 173 2121 vult
189 2055 246 2137 „iu
261 2054 437 2138 aedibus“,
462 2056 518 2120 sed
537 2057 667 2136 ,‚apud“
684 2059 703 2121 i.
717 2075 743 2122 e.
761 2065 860 2138 „aute
877 2056 1007 2136 aedee“,
1034 2056 1072 2122 ef.
1089 2078 1119 2119 v.
1138 2062 1202 2120 802
1219 2056 1275 2120 uhi

97 2171 209 2228 exstat
239 2158 275 2225 ἐν
302 2169 371 2232 τοῖς
401 2157 588 2245 προθύροις
616 2171 649 2228 et
676 2183 705 2231 v.
731 2169 813 2247 804,
852 2164 906 2228 ubi
935 2173 985 2228 est
1008 2164 1183 2241 πανταχοῦ
1206 2158 1275 2246 πρὸ

97 2272 166 2332 τῶν
187 2272 310 2353 θυρῶν.
344 2269 470 2336 Deinde
493 2289 580 2351 vero,
605 2271 728 2336 utiam
753 2271 922 2336 redeamus
946 2271 987 2335 ad
1010 2271 1096 2335 Plut.
1123 2273 1197 2352 337,
1223 2289 1274 2335 ao-

102 2375 190 2441 redit
213 2376 296 2457 quod
319 2377 449 2459 saepius
473 2378 559 2458 apud
584 2377 721 2443 comicos
744 2378 911 2442 invenitur
935 2373 971 2439 ἐν
994 2384 1077 2440 τοῖσι
1101 2379 1275 2459 κουρείοις,

104 2491 143 2548 ut
167 2501 218 2549 av.
243 2487 322 2550 1441
350 2493 384 2550 et
407 2485 488 2566 Eup.
512 2485 621 2568 irgmt.
646 2486 688 2549 hi.
713 2485 746 2549 ΙΙ
769 2490 832 2549 499
858 2485 918 2548 ΠΙ.

649 2732 722 2819 §a

207 2878 349 2945 Notione
380 2877 550 2958 temporali
581 2872 641 2938 ἐπί
668 2896 692 2941 o.
717 2876 780 2940 dat.
811 2875 952 2940 occurrit
980 2874 1066 2956 apud
1097 2877 1184 2940 solos
1208 2875 1277 2940 iere

99 2993 223 3068 poetas,
240 2986 407 3051 rarissime
432 2985 464 3050 in
489 2984 636 3049 oratione
657 2985 764 3048 soluta
780 2985 831 3065 (ut
846 2983 923 3048 Her.
939 2983 1001 3058 IV,
1028 2987 1067 3045 12
1092 2977 1143 3044 ἐπ’
1168 2975 1273 3068 ἡμέρῃ

99 3087 237 3180 ἒκύστῃς
278 3092 379 3158 Thur.
403 3092 449 3174 V,
485 3098 537 3175 14,
571 3095 592 3152 4
626 3082 888 3174 τριακοντούτεις
917 3085 1060 3160 σπουδὰς
1092 3084 1144 3153 ἐπ’
1176 3084 1273 3174 ἐξόδῳ

98 3188 220 3285 εἶναι),
252 3219 412 3281 nusquam
443 3200 478 3263 in
501 3199 621 3264 fabulis
649 3199 895 3279 Aristophanis,
927 3197 991 3263 nisi
1014 3196 1097 3262 velis
1121 3196 1167 3260 sie
1192 3194 1274 3260 aoei-

98 3324 178 3388 pere
199 3299 283 3370 ro’rri
305 3302 434 3377 τούτοις
456 3308 491 3372 in
513 3306 565 3372 his
589 3307 754 3371 versibus:

198 3592 260 3660 [aye.
280 3592 359 3647 1285.
378 3590 424 3647 ἐπί
442 3611 472 3646 τε
491 3586 609 3647 πότνιαν
629 3585 739 3660 ἄλοχον.
838 3589 889 3642 AV.
911 3589 979 3641 1506
1000 3573 1052 3639 ἇπύ
1071 3578 1126 3660 γύρ
1144 3585 1174 3661 μ’
1193 3575 1273 3648 odeis.

198 3681 266 3735 Rnn.
286 3682 364 3735 1047.
384 3681 442 3736 κατ’
461 3668 509 3735 σύν
528 3679 629 3750 ἔβαλεν.
763 3678 832 3732 Rau.
853 3677 930 3730 1106.
952 3662 1004 3729 ἇνᾶ
1023 3673 1048 3728 δ’
1067 3673 1192 3749 ἔρεσθον.

193 3770 266 3825 Plut.
286 3771 328 3824 65.
350 3757 403 3824 οἶπύ
422 3768 446 3823 σ’
461 3757 522 3823 odoi.

206 3858 248 3912 Ex
265 3859 382 3913 Homero
402 3866 509 3925 sumpta
535 3864 599 3911 snut
617 3857 662 3925 (ot.
682 3855 730 3911 Od.
749 3856 800 3924 ΙΠ,
820 3855 889 3922 461,
906 3853 939 3907 Il.
959 3852 1006 3918 IV,
1026 3852 1100 3920 447).

201 3948 264 4002 Pac.
284 3949 363 4002 1092.
383 3943 452 4002 κατὰ
470 3944 538 4021 μῆρ’
558 3941 632 4018 ἐκύη.
771 3944 833 3998 Pae.
854 3944 932 3997 1274.
952 3936 1000 3997 σύν
1020 3940 1051 4012 ’ρ’
1071 3941 1175 4012 ἔβαλον.

384 4037 417 4091 In
441 4052 520 4090 versu
539 4052 581 4089 av.
604 4037 672 4090 1456
699 4051 758 4088 oum
777 4033 877 4102 Bergk.
895 4019 1078 4103 praeierondr’
1100 4019 1133 4084 οὗ
1152 4032 1275 4106 πέτωμαι

383 4142 431 4195 pro
450 4125 508 4182 κατ’
528 4115 561 4180 αὖ
579 4126 708 4200 πέτωμαι
736 4126 819 4179 Errat
838 4123 1002 4176 Baohmann.
1033 4121 1050 4176 l.
1076 4139 1097 4175 o.
1123 4137 1183 4174 eum
1210 4121 1275 4174 dicit

384 4230 515 4282 nusquam
540 4215 610 4283 apud
629 4214 836 4282 Aristophanem
857 4226 993 4266 occurrere
1020 4211 1048 4263 in
1068 4210 1147 4263 tmesi
1165 4225 1275 4276 praepo·

385 4305 509 4358 sitionem
535 4304 588 4369 εἰς,
615 4303 648 4358 ci.
671 4306 722 4358 Av.
741 4304 809 4370 333,
839 4301 909 4369 quod
934 4299 1083 4367 exemplum
1110 4296 1156 4352 ille
1175 4299 1273 4354 omisit.
