<?xml version="1.0" encoding="UTF-8"?>
<!DOCTYPE html PUBLIC "-//W3C//DTD XHTML 1.0 Transitional//EN"
    "http://www.w3.org/TR/xhtml1/DTD/xhtml1-transitional.dtd">
<html xmlns="http://www.w3.org/1999/xhtml" xml:lang="en" lang="en">
 <head>
  <title>
</title>
<meta http-equiv="Content-Type" content="text/html;charset=utf-8" />
  <meta name='ocr-system' content='tesseract 3.04.00' />
  <meta name='ocr-capabilities' content='ocr_page ocr_carea ocr_par ocr_line ocrx_word'/>
</head>
<body>
  <div class='ocr_page' id='page_1' title='image "./devietusupraepo00iltzgoog_0076.png"; bbox 0 0 2842 4854; ppageno 0'>
   <div class='ocr_carea' id='block_1_1' title="bbox 566 369 905 428">
    <p class='ocr_par' dir='ltr' id='par_1_1' title="bbox 566 369 905 428">
     <span class='ocr_line' id='line_1_1' title="bbox 566 369 905 428; baseline 0.012 -21"><span class='ocrx_word' id='word_1_1' title='bbox 566 369 905 428; x_wconf 63' lang='lat'>-71...</span> 
     </span>
    </p>
   </div>
   <div class='ocr_carea' id='block_1_2' title="bbox 131 550 1268 1713">
    <p class='ocr_par' dir='ltr' id='par_1_2' title="bbox 131 550 1268 1713">
     <span class='ocr_line' id='line_1_2' title="bbox 176 550 1082 644; baseline 0.001 -21"><span class='ocrx_word' id='word_1_2' title='bbox 176 557 259 624; x_wconf 86' lang='lat' dir='ltr'>Ran.</span> <span class='ocrx_word' id='word_1_3' title='bbox 283 563 358 623; x_wconf 82' lang='grc'><em>482.</em></span> <span class='ocrx_word' id='word_1_4' title='bbox 383 550 449 621; x_wconf 79' lang='grc' dir='ltr'><em>οἶσε</em></span> <span class='ocrx_word' id='word_1_5' title='bbox 474 553 557 641; x_wconf 84' lang='grc' dir='ltr'><em>πρὸς</em></span> <span class='ocrx_word' id='word_1_6' title='bbox 580 556 639 644; x_wconf 78' lang='grc' dir='ltr'><em>τὴν</em></span> <span class='ocrx_word' id='word_1_7' title='bbox 663 560 800 641; x_wconf 80' lang='grc' dir='ltr'><em>καρδίαν</em></span> <span class='ocrx_word' id='word_1_8' title='bbox 824 582 888 639; x_wconf 87' lang='grc' dir='ltr'><em>μου</em></span> <span class='ocrx_word' id='word_1_9' title='bbox 912 558 1082 640; x_wconf 78' lang='grc' dir='ltr'><em>σπογγιάν.</em></span> 
     </span>
     <span class='ocr_line' id='line_1_3' title="bbox 283 649 1268 754; baseline 0.006 -26"><span class='ocrx_word' id='word_1_10' title='bbox 283 671 358 730; x_wconf 83' lang='grc'><em>537.</em></span> <span class='ocrx_word' id='word_1_11' title='bbox 382 663 644 745; x_wconf 81' lang='grc' dir='ltr'><em>(μετακολινδεῐν</em></span> <span class='ocrx_word' id='word_1_12' title='bbox 680 660 791 744; x_wconf 79' lang='grc' dir='ltr'><em>αὑτὸν)</em></span> <span class='ocrx_word' id='word_1_13' title='bbox 825 663 910 749; x_wconf 84' lang='grc' dir='ltr'><em>πρὸς</em></span> <span class='ocrx_word' id='word_1_14' title='bbox 932 663 991 730; x_wconf 80' lang='grc' dir='ltr'><em>τὸν</em></span> <span class='ocrx_word' id='word_1_15' title='bbox 1015 649 1051 731; x_wconf 74' lang='grc' dir='ltr'><em>εὖ</em></span> <span class='ocrx_word' id='word_1_16' title='bbox 1074 667 1268 754; x_wconf 78' lang='grc' dir='ltr'><em>πράττοντα</em></span> 
     </span>
     <span class='ocr_line' id='line_1_4' title="bbox 1100 784 1219 855; baseline 0.008 -15"><span class='ocrx_word' id='word_1_17' title='bbox 1100 784 1219 855; x_wconf 85' lang='grc' dir='ltr'><strong><em>τοῖχον.</em></strong></span> 
     </span>
     <span class='ocr_line' id='line_1_5' title="bbox 176 877 1264 966; baseline 0.005 -22"><span class='ocrx_word' id='word_1_18' title='bbox 176 879 262 944; x_wconf 78' lang='grc' dir='ltr'><em>Εαολ.</em></span> <span class='ocrx_word' id='word_1_19' title='bbox 287 885 361 945; x_wconf 88' lang='grc'><em>446.</em></span> <span class='ocrx_word' id='word_1_20' title='bbox 386 878 586 963; x_wconf 74' lang='grc' dir='ltr'><em>συμβάλλειν</em></span> <span class='ocrx_word' id='word_1_21' title='bbox 622 879 705 966; x_wconf 84' lang='grc' dir='ltr'><em>πρὸς</em></span> <span class='ocrx_word' id='word_1_22' title='bbox 739 877 883 965; x_wconf 76' lang='grc' dir='ltr'><em>άλλήλας</em></span> <span class='ocrx_word' id='word_1_23' title='bbox 919 886 938 955; x_wconf 73' lang='lat' dir='ltr'><em>i.</em></span> <span class='ocrx_word' id='word_1_24' title='bbox 971 935 976 946; x_wconf 92' lang='lat'>.</span> <span class='ocrx_word' id='word_1_25' title='bbox 1007 935 1011 943; x_wconf 95' lang='lat'>.</span> <span class='ocrx_word' id='word_1_26' title='bbox 1041 879 1157 963; x_wconf 81' lang='grc' dir='ltr'><em>ἱμάτια</em></span> <span class='ocrx_word' id='word_1_27' title='bbox 1187 931 1194 945; x_wconf 93' lang='grc'><em>.</em></span> <span class='ocrx_word' id='word_1_28' title='bbox 1222 936 1228 948; x_wconf 94' lang='grc'><em>.</em></span> <span class='ocrx_word' id='word_1_29' title='bbox 1257 935 1264 949; x_wconf 91' lang='grc'><em>.</em></span> 
     </span>
     <span class='ocr_line' id='line_1_6' title="bbox 951 986 1218 1075; baseline 0.015 -24"><span class='ocrx_word' id='word_1_30' title='bbox 951 986 1054 1069; x_wconf 85' lang='grc' dir='ltr'><em>μόνας</em></span> <span class='ocrx_word' id='word_1_31' title='bbox 1077 986 1218 1075; x_wconf 83' lang='grc' dir='ltr'><em>μόναις).</em></span> 
     </span>
     <span class='ocr_line' id='line_1_7' title="bbox 175 1086 1268 1182; baseline 0.001 -23"><span class='ocrx_word' id='word_1_32' title='bbox 175 1095 261 1159; x_wconf 86' lang='lat' dir='ltr'>Plut.</span> <span class='ocrx_word' id='word_1_33' title='bbox 288 1101 364 1162; x_wconf 82' lang='lat'><strong>398.</strong></span> <span class='ocrx_word' id='word_1_34' title='bbox 389 1086 448 1158; x_wconf 77' lang='grc' dir='ltr'><em>εἶτ’</em></span> <span class='ocrx_word' id='word_1_35' title='bbox 473 1091 512 1158; x_wconf 73' lang='grc' dir='ltr'><em>οὗ</em></span> <span class='ocrx_word' id='word_1_36' title='bbox 537 1097 737 1175; x_wconf 75' lang='grc' dir='ltr'><em>διαπέμπεις</em></span> <span class='ocrx_word' id='word_1_37' title='bbox 761 1097 816 1158; x_wconf 87' lang='grc' dir='ltr'><em>καὶ</em></span> <span class='ocrx_word' id='word_1_38' title='bbox 840 1093 924 1179; x_wconf 84' lang='grc' dir='ltr'><em>πρὸς</em></span> <span class='ocrx_word' id='word_1_39' title='bbox 947 1091 1031 1182; x_wconf 78' lang='grc' dir='ltr'><em>ἡμᾶς</em></span> <span class='ocrx_word' id='word_1_40' title='bbox 1046 1101 1120 1168; x_wconf 77' lang='grc' dir='ltr'><em>νοῦς</em></span> <span class='ocrx_word' id='word_1_41' title='bbox 1136 1099 1268 1179; x_wconf 52' lang='grc' dir='ltr'><em>φίλους,</em></span> 
     </span>
     <span class='ocr_line' id='line_1_8' title="bbox 289 1199 1266 1287; baseline 0.003 -21"><span class='ocrx_word' id='word_1_42' title='bbox 289 1207 361 1267; x_wconf 86' lang='grc'><em>942.</em></span> <span class='ocrx_word' id='word_1_43' title='bbox 387 1204 555 1264; x_wconf 77' lang='grc' dir='ltr'><em>καὶταῦτα</em></span> <span class='ocrx_word' id='word_1_44' title='bbox 568 1199 650 1285; x_wconf 81' lang='grc' dir='ltr'><em>πρὸς</em></span> <span class='ocrx_word' id='word_1_45' title='bbox 658 1199 695 1265; x_wconf 80' lang='grc' dir='ltr'><em>τὸ</em></span> <span class='ocrx_word' id='word_1_46' title='bbox 709 1208 863 1283; x_wconf 78' lang='grc' dir='ltr'><em>μέτωπον</em></span> <span class='ocrx_word' id='word_1_47' title='bbox 877 1209 895 1283; x_wconf 86' lang='grc'><em>(,</em></span> <span class='ocrx_word' id='word_1_48' title='bbox 907 1256 912 1268; x_wconf 96' lang='grc'><em>.</em></span> <span class='ocrx_word' id='word_1_49' title='bbox 926 1201 1266 1287; x_wconf 79' lang='grc' dir='ltr'><em>προσπατταλεύσω).</em></span> 
     </span>
     <span class='ocr_line' id='line_1_9' title="bbox 131 1308 1025 1391; baseline 0.003 -18"><span class='ocrx_word' id='word_1_50' title='bbox 131 1308 165 1389; x_wconf 88' lang='grc'><em>3)</em></span> <span class='ocrx_word' id='word_1_51' title='bbox 189 1310 347 1390; x_wconf 82' lang='lat' dir='ltr'>exempla,</span> <span class='ocrx_word' id='word_1_52' title='bbox 373 1311 492 1390; x_wconf 87' lang='lat' dir='ltr'>quibus</span> <span class='ocrx_word' id='word_1_53' title='bbox 517 1312 618 1375; x_wconf 86' lang='lat' dir='ltr'>verba</span> <span class='ocrx_word' id='word_1_54' title='bbox 642 1311 818 1391; x_wconf 76' lang='lat' dir='ltr'>vocandi*)</span> <span class='ocrx_word' id='word_1_55' title='bbox 843 1312 1025 1376; x_wconf 87' lang='lat' dir='ltr'>adduntur:</span> 
     </span>
     <span class='ocr_line' id='line_1_10' title="bbox 176 1408 983 1499; baseline 0.001 -19"><span class='ocrx_word' id='word_1_56' title='bbox 176 1416 259 1480; x_wconf 89' lang='lat' dir='ltr'>Nub.</span> <span class='ocrx_word' id='word_1_57' title='bbox 285 1419 360 1481; x_wconf 85' lang='grc'><em>632.</em></span> <span class='ocrx_word' id='word_1_58' title='bbox 386 1408 486 1478; x_wconf 64' lang='lat' dir='ltr'><em>odit-v</em></span> <span class='ocrx_word' id='word_1_59' title='bbox 511 1417 597 1479; x_wconf 82' lang='grc' dir='ltr'><em>καλῶ</em></span> <span class='ocrx_word' id='word_1_60' title='bbox 622 1418 717 1499; x_wconf 81' lang='grc' dir='ltr'><em>δεῦρο</em></span> <span class='ocrx_word' id='word_1_61' title='bbox 740 1413 823 1499; x_wconf 85' lang='grc' dir='ltr'><em>πρὸς</em></span> <span class='ocrx_word' id='word_1_62' title='bbox 845 1411 882 1479; x_wconf 75' lang='grc' dir='ltr'><em>τι)</em></span> <span class='ocrx_word' id='word_1_63' title='bbox 908 1421 983 1499; x_wconf 75' lang='grc' dir='ltr'><em>φῶς.</em></span> 
     </span>
     <span class='ocr_line' id='line_1_11' title="bbox 175 1516 1265 1610; baseline 0.002 -22"><span class='ocrx_word' id='word_1_64' title='bbox 175 1524 273 1604; x_wconf 83' lang='lat' dir='ltr'>Vesp.</span> <span class='ocrx_word' id='word_1_65' title='bbox 299 1529 395 1588; x_wconf 89' lang='grc'><strong>1407.</strong></span> <span class='ocrx_word' id='word_1_66' title='bbox 419 1524 671 1605; x_wconf 80' lang='grc' dir='ltr'><em>προσκαλοῦμαί</em></span> <span class='ocrx_word' id='word_1_67' title='bbox 694 1525 734 1599; x_wconf 87' lang='grc' dir='ltr'><em>σ’,</em></span> <span class='ocrx_word' id='word_1_68' title='bbox 770 1516 856 1594; x_wconf 78' lang='grc' dir='ltr'><em>ὅστις</em></span> <span class='ocrx_word' id='word_1_69' title='bbox 880 1517 918 1601; x_wconf 80' lang='grc' dir='ltr'><em>εἷ’,</em></span> <span class='ocrx_word' id='word_1_70' title='bbox 942 1520 1026 1606; x_wconf 83' lang='grc' dir='ltr'><em>πρὸς</em></span> <span class='ocrx_word' id='word_1_71' title='bbox 1049 1523 1124 1597; x_wconf 74' lang='grc' dir='ltr'><em>τούς</em></span> <span class='ocrx_word' id='word_1_72' title='bbox 1147 1518 1265 1610; x_wconf 83' lang='grc' dir='ltr'><em>άγορα-</em></span> 
     </span>
     <span class='ocr_line' id='line_1_12' title="bbox 1088 1655 1217 1713; baseline 0.023 -20"><span class='ocrx_word' id='word_1_73' title='bbox 1088 1655 1217 1713; x_wconf 82' lang='grc' dir='ltr'><em>νομοος.</em></span> 
     </span>
    </p>
   </div>
   <div class='ocr_carea' id='block_1_3' title="bbox 636 1736 707 1824">
    <p class='ocr_par' dir='ltr' id='par_1_3' title="bbox 636 1736 707 1824">
     <span class='ocr_line' id='line_1_13' title="bbox 636 1736 707 1824; baseline -0.056 -21"><span class='ocrx_word' id='word_1_74' title='bbox 636 1736 707 1824; x_wconf 67' lang='lat' dir='ltr'><em>§a</em></span> 
     </span>
    </p>
   </div>
   <div class='ocr_carea' id='block_1_4' title="bbox 80 1842 1264 2469">
    <p class='ocr_par' dir='ltr' id='par_1_4' title="bbox 80 1842 1262 2035">
     <span class='ocr_line' id='line_1_14' title="bbox 192 1842 1262 1927; baseline 0.003 -17"><span class='ocrx_word' id='word_1_75' title='bbox 192 1844 272 1910; x_wconf 80' lang='lat' dir='ltr'><em>Cum</em></span> <span class='ocrx_word' id='word_1_76' title='bbox 296 1845 406 1911; x_wconf 84' lang='lat' dir='ltr'>verbis</span> <span class='ocrx_word' id='word_1_77' title='bbox 430 1847 600 1926; x_wconf 84' lang='lat' dir='ltr'>spectandi</span> <span class='ocrx_word' id='word_1_78' title='bbox 617 1842 701 1927; x_wconf 82' lang='grc' dir='ltr'><em>πρός</em></span> <span class='ocrx_word' id='word_1_79' title='bbox 725 1847 766 1911; x_wconf 92' lang='lat' dir='ltr'><em>ad</em></span> <span class='ocrx_word' id='word_1_80' title='bbox 791 1865 860 1911; x_wconf 85' lang='lat' dir='ltr'><em>eam</em></span> <span class='ocrx_word' id='word_1_81' title='bbox 885 1847 1092 1911; x_wconf 84' lang='lat' dir='ltr'>iudicandam</span> <span class='ocrx_word' id='word_1_82' title='bbox 1116 1867 1183 1912; x_wconf 85' lang='lat' dir='ltr'><em>rem</em></span> <span class='ocrx_word' id='word_1_83' title='bbox 1207 1849 1262 1913; x_wconf 88' lang='lat' dir='ltr'><em>vel</em></span> 
     </span>
     <span class='ocr_line' id='line_1_15' title="bbox 80 1953 1138 2035; baseline 0 -17"><span class='ocrx_word' id='word_1_84' title='bbox 80 1953 311 2034; x_wconf 85' lang='lat' dir='ltr'>porsonam**)</span> <span class='ocrx_word' id='word_1_85' title='bbox 337 1953 520 2035; x_wconf 82' lang='lat' dir='ltr'>adhibetur,</span> <span class='ocrx_word' id='word_1_86' title='bbox 546 1954 705 2035; x_wconf 88' lang='lat' dir='ltr'>adquam</span> <span class='ocrx_word' id='word_1_87' title='bbox 731 1955 850 2035; x_wconf 87' lang='lat' dir='ltr'>aliquis</span> <span class='ocrx_word' id='word_1_88' title='bbox 875 1955 983 2020; x_wconf 83' lang='lat' dir='ltr'>oculos</span> <span class='ocrx_word' id='word_1_89' title='bbox 1007 1953 1138 2020; x_wconf 81' lang='lat' dir='ltr'>conicit:</span> 
     </span>
    </p>

    <p class='ocr_par' dir='ltr' id='par_1_5' title="bbox 174 2050 931 2143">
     <span class='ocr_line' id='line_1_16' title="bbox 174 2050 931 2143; baseline 0.001 -19"><span class='ocrx_word' id='word_1_90' title='bbox 174 2060 253 2124; x_wconf 77' lang='lat' dir='ltr'>Aah.</span> <span class='ocrx_word' id='word_1_91' title='bbox 279 2062 352 2123; x_wconf 82' lang='grc'><em>291.</em></span> <span class='ocrx_word' id='word_1_92' title='bbox 375 2050 514 2122; x_wconf 79' lang='grc' dir='ltr'><em>δύνασαι</em></span> <span class='ocrx_word' id='word_1_93' title='bbox 537 2056 619 2142; x_wconf 84' lang='grc' dir='ltr'><em>πρὸς</em></span> <span class='ocrx_word' id='word_1_94' title='bbox 643 2058 693 2140; x_wconf 82' lang='grc' dir='ltr'><em>ἔμ’</em></span> <span class='ocrx_word' id='word_1_95' title='bbox 718 2055 931 2143; x_wconf 77' lang='grc' dir='ltr'><em>άποβλὲπειν.</em></span> 
     </span>
    </p>

    <p class='ocr_par' dir='ltr' id='par_1_6' title="bbox 173 2165 1050 2254">
     <span class='ocr_line' id='line_1_17' title="bbox 173 2165 1050 2254; baseline 0.002 -24"><span class='ocrx_word' id='word_1_96' title='bbox 173 2167 256 2230; x_wconf 88' lang='lat' dir='ltr'>Nub.</span> <span class='ocrx_word' id='word_1_97' title='bbox 282 2172 356 2231; x_wconf 84' lang='grc'><em>323.</em></span> <span class='ocrx_word' id='word_1_98' title='bbox 380 2168 481 2248; x_wconf 80' lang='grc' dir='ltr'><em>βλέπε</em></span> <span class='ocrx_word' id='word_1_99' title='bbox 507 2190 566 2229; x_wconf 83' lang='grc' dir='ltr'><em>νον</em></span> <span class='ocrx_word' id='word_1_100' title='bbox 590 2169 680 2250; x_wconf 81' lang='grc' dir='ltr'><em>δευρὶ</em></span> <span class='ocrx_word' id='word_1_101' title='bbox 703 2165 786 2248; x_wconf 83' lang='grc' dir='ltr'><em>πρὸς</em></span> <span class='ocrx_word' id='word_1_102' title='bbox 808 2165 866 2231; x_wconf 78' lang='grc' dir='ltr'><em>τὸν</em></span> <span class='ocrx_word' id='word_1_103' title='bbox 891 2166 1050 2254; x_wconf 72' lang='grc' dir='ltr'><em>Πάρνηθ’.</em></span> 
     </span>
    </p>

    <p class='ocr_par' dir='ltr' id='par_1_7' title="bbox 174 2270 901 2356">
     <span class='ocr_line' id='line_1_18' title="bbox 174 2270 901 2356; baseline 0 -17"><span class='ocrx_word' id='word_1_104' title='bbox 174 2273 249 2339; x_wconf 78' lang='lat' dir='ltr'>Pac.</span> <span class='ocrx_word' id='word_1_105' title='bbox 276 2280 351 2338; x_wconf 81' lang='lat'><strong>635.</strong></span> <span class='ocrx_word' id='word_1_106' title='bbox 378 2271 516 2356; x_wconf 77' lang='grc' dir='ltr'><em>ἔβλεπεν</em></span> <span class='ocrx_word' id='word_1_107' title='bbox 540 2272 625 2354; x_wconf 86' lang='grc' dir='ltr'><em>πρὸς</em></span> <span class='ocrx_word' id='word_1_108' title='bbox 647 2270 722 2346; x_wconf 76' lang='grc' dir='ltr'><em>τούς</em></span> <span class='ocrx_word' id='word_1_109' title='bbox 744 2277 901 2354; x_wconf 73' lang='grc' dir='ltr'><em>λέγοντας.</em></span> 
     </span>
    </p>

    <p class='ocr_par' dir='ltr' id='par_1_8' title="bbox 178 2376 1264 2469">
     <span class='ocr_line' id='line_1_19' title="bbox 178 2376 1264 2469; baseline 0.005 -24"><span class='ocrx_word' id='word_1_110' title='bbox 178 2381 234 2445; x_wconf 75' lang='lat' dir='ltr'><em>AV.</em></span> <span class='ocrx_word' id='word_1_111' title='bbox 256 2386 329 2445; x_wconf 87' lang='lat'><strong>390.</strong></span> <span class='ocrx_word' id='word_1_112' title='bbox 353 2378 438 2462; x_wconf 85' lang='grc' dir='ltr'><em>πρὸς</em></span> <span class='ocrx_word' id='word_1_113' title='bbox 451 2376 552 2465; x_wconf 67' lang='grc' dir='ltr'><em>αὐτὴν</em></span> <span class='ocrx_word' id='word_1_114' title='bbox 568 2379 641 2464; x_wconf 70' lang='grc' dir='ltr'><em>(τὴν</em></span> <span class='ocrx_word' id='word_1_115' title='bbox 657 2379 790 2465; x_wconf 79' lang='grc' dir='ltr'><em>χύτραν)</em></span> <span class='ocrx_word' id='word_1_116' title='bbox 810 2377 959 2464; x_wconf 71' lang='grc' dir='ltr'><em>ὁρῶντας.</em></span> <span class='ocrx_word' id='word_1_117' title='bbox 977 2383 1027 2462; x_wconf 77' lang='lat' dir='ltr'>(ci.</span> <span class='ocrx_word' id='word_1_118' title='bbox 1041 2402 1110 2463; x_wconf 81' lang='lat' dir='ltr'>cap.</span> <span class='ocrx_word' id='word_1_119' title='bbox 1124 2381 1203 2469; x_wconf 74' lang='lat' dir='ltr'><em>1X§</em></span> <span class='ocrx_word' id='word_1_120' title='bbox 1218 2385 1264 2467; x_wconf 81' lang='lat'><em>6).</em></span> 
     </span>
    </p>
   </div>
   <div class='ocr_carea' id='block_1_5' title="bbox 77 2483 1262 3643">
    <p class='ocr_par' dir='ltr' id='par_1_9' title="bbox 175 2483 908 2570">
     <span class='ocr_line' id='line_1_20' title="bbox 175 2483 908 2570; baseline 0 -18"><span class='ocrx_word' id='word_1_121' title='bbox 175 2484 256 2552; x_wconf 83' lang='lat' dir='ltr'>Rau.</span> <span class='ocrx_word' id='word_1_122' title='bbox 281 2493 354 2552; x_wconf 81' lang='lat'>544.</span> <span class='ocrx_word' id='word_1_123' title='bbox 379 2483 440 2566; x_wconf 80' lang='grc' dir='ltr'><em>ε’γάι</em></span> <span class='ocrx_word' id='word_1_124' title='bbox 464 2489 498 2551; x_wconf 79' lang='grc' dir='ltr'><em>δὲ</em></span> <span class='ocrx_word' id='word_1_125' title='bbox 522 2485 605 2570; x_wconf 79' lang='grc' dir='ltr'><em>πρὸς</em></span> <span class='ocrx_word' id='word_1_126' title='bbox 627 2491 749 2552; x_wconf 76' lang='grc' dir='ltr'><em>τοῦτον</em></span> <span class='ocrx_word' id='word_1_127' title='bbox 769 2490 908 2570; x_wconf 71' lang='grc' dir='ltr'><em>βλέπων.</em></span> 
     </span>
    </p>

    <p class='ocr_par' dir='ltr' id='par_1_10' title="bbox 189 2594 1188 2675">
     <span class='ocr_line' id='line_1_21' title="bbox 189 2594 1188 2675; baseline 0.006 -17"><span class='ocrx_word' id='word_1_128' title='bbox 189 2594 268 2659; x_wconf 82' lang='lat' dir='ltr'>Tale</span> <span class='ocrx_word' id='word_1_129' title='bbox 293 2595 425 2675; x_wconf 85' lang='lat' dir='ltr'>aliquod</span> <span class='ocrx_word' id='word_1_130' title='bbox 450 2599 583 2661; x_wconf 85' lang='lat' dir='ltr'>verbum</span> <span class='ocrx_word' id='word_1_131' title='bbox 608 2596 705 2663; x_wconf 84' lang='lat' dir='ltr'>tacile</span> <span class='ocrx_word' id='word_1_132' title='bbox 728 2597 859 2661; x_wconf 80' lang='lat' dir='ltr'>auditur</span> <span class='ocrx_word' id='word_1_133' title='bbox 884 2598 934 2662; x_wconf 84' lang='lat' dir='ltr'><em>his</em></span> <span class='ocrx_word' id='word_1_134' title='bbox 958 2598 1066 2663; x_wconf 88' lang='lat' dir='ltr'>tribus</span> <span class='ocrx_word' id='word_1_135' title='bbox 1090 2598 1188 2664; x_wconf 82' lang='lat' dir='ltr'>locis:</span> 
     </span>
    </p>

    <p class='ocr_par' dir='ltr' id='par_1_11' title="bbox 173 2698 762 2787">
     <span class='ocr_line' id='line_1_22' title="bbox 173 2698 762 2787; baseline 0.002 -23"><span class='ocrx_word' id='word_1_136' title='bbox 173 2701 255 2782; x_wconf 84' lang='lat' dir='ltr'>Equ.</span> <span class='ocrx_word' id='word_1_137' title='bbox 281 2703 353 2767; x_wconf 80' lang='lat'><strong>651.</strong></span> <span class='ocrx_word' id='word_1_138' title='bbox 378 2698 462 2784; x_wconf 83' lang='grc' dir='ltr'><em>πρὸς</em></span> <span class='ocrx_word' id='word_1_139' title='bbox 486 2699 535 2782; x_wconf 74' lang='grc' dir='ltr'><em>ἔμ’</em></span> <span class='ocrx_word' id='word_1_140' title='bbox 560 2698 762 2787; x_wconf 78' lang='grc' dir='ltr'><em>ἐκεχήνεσαν.</em></span> 
     </span>
    </p>

    <p class='ocr_par' dir='ltr' id='par_1_12' title="bbox 77 2805 1258 3321">
     <span class='ocr_line' id='line_1_23' title="bbox 277 2805 665 2896; baseline 0.003 -23"><span class='ocrx_word' id='word_1_141' title='bbox 277 2814 351 2874; x_wconf 83' lang='grc'><em>804.</em></span> <span class='ocrx_word' id='word_1_142' title='bbox 374 2805 459 2891; x_wconf 86' lang='grc' dir='ltr'><em>πρὸς</em></span> <span class='ocrx_word' id='word_1_143' title='bbox 482 2815 518 2872; x_wconf 78' lang='grc' dir='ltr'><em>σέ</em></span> <span class='ocrx_word' id='word_1_144' title='bbox 540 2807 665 2896; x_wconf 76' lang='grc' dir='ltr'><em>κεχήνῃ.</em></span> 
     </span>
     <span class='ocr_line' id='line_1_24' title="bbox 132 2913 1021 3002; baseline 0.002 -23"><span class='ocrx_word' id='word_1_145' title='bbox 132 2990 135 2997; x_wconf 28' lang='grc' dir='ltr'>Ι</span> <span class='ocrx_word' id='word_1_146' title='bbox 258 2922 351 2981; x_wconf 84' lang='grc'><strong>1118.</strong></span> <span class='ocrx_word' id='word_1_147' title='bbox 376 2913 461 2999; x_wconf 81' lang='grc' dir='ltr'><em>πρὸς</em></span> <span class='ocrx_word' id='word_1_148' title='bbox 483 2914 542 2980; x_wconf 80' lang='grc' dir='ltr'><em>τόν</em></span> <span class='ocrx_word' id='word_1_149' title='bbox 565 2938 601 2980; x_wconf 82' lang='grc' dir='ltr'><em>τε</em></span> <span class='ocrx_word' id='word_1_150' title='bbox 624 2919 744 2997; x_wconf 79' lang='grc' dir='ltr'><em>λέγοντ’</em></span> <span class='ocrx_word' id='word_1_151' title='bbox 770 2913 822 2981; x_wconf 70' lang='lat' dir='ltr'>aiei</span> <span class='ocrx_word' id='word_1_152' title='bbox 847 2921 1021 3002; x_wconf 76' lang='grc' dir='ltr'><em>(κέχηνας),</em></span> 
     </span>
     <span class='ocr_line' id='line_1_25' title="bbox 77 3021 1258 3109; baseline 0.005 -23"><span class='ocrx_word' id='word_1_153' title='bbox 77 3022 138 3087; x_wconf 85' lang='lat' dir='ltr'><em>ubi</em></span> <span class='ocrx_word' id='word_1_154' title='bbox 160 3026 286 3102; x_wconf 71' lang='grc' dir='ltr'><em>καίνειν</em></span> <span class='ocrx_word' id='word_1_155' title='bbox 310 3021 394 3106; x_wconf 85' lang='grc' dir='ltr'><em>πρός</em></span> <span class='ocrx_word' id='word_1_156' title='bbox 417 3046 492 3087; x_wconf 77' lang='grc' dir='ltr'><em>τινα</em></span> <span class='ocrx_word' id='word_1_157' title='bbox 523 3026 669 3092; x_wconf 79' lang='lat' dir='ltr'>breviter</span> <span class='ocrx_word' id='word_1_158' title='bbox 699 3026 820 3091; x_wconf 74' lang='lat' dir='ltr'>dicitur</span> <span class='ocrx_word' id='word_1_159' title='bbox 845 3046 903 3107; x_wconf 82' lang='lat' dir='ltr'><em>pro</em></span> <span class='ocrx_word' id='word_1_160' title='bbox 927 3031 1051 3104; x_wconf 82' lang='grc' dir='ltr'><em>χαίνειν</em></span> <span class='ocrx_word' id='word_1_161' title='bbox 1075 3025 1159 3109; x_wconf 86' lang='grc' dir='ltr'><em>πρός</em></span> <span class='ocrx_word' id='word_1_162' title='bbox 1182 3051 1258 3092; x_wconf 79' lang='grc' dir='ltr'><em>τινα</em></span> 
     </span>
     <span class='ocr_line' id='line_1_26' title="bbox 77 3130 382 3213; baseline 0.01 -20"><span class='ocrx_word' id='word_1_163' title='bbox 77 3130 212 3213; x_wconf 80' lang='grc' dir='ltr'><em>βλέπων</em></span> <span class='ocrx_word' id='word_1_164' title='bbox 236 3132 289 3196; x_wconf 93' lang='lat' dir='ltr'><em>vel</em></span> <span class='ocrx_word' id='word_1_165' title='bbox 313 3133 382 3196; x_wconf 85' lang='lat' dir='ltr'>sim.</span> 
     </span>
     <span class='ocr_line' id='line_1_27' title="bbox 636 3241 707 3321; baseline -0.014 -16"><span class='ocrx_word' id='word_1_166' title='bbox 636 3241 707 3321; x_wconf 68' lang='lat' dir='ltr'><em>§t</em></span> 
     </span>
    </p>

    <p class='ocr_par' dir='ltr' id='par_1_13' title="bbox 77 3343 1262 3643">
     <span class='ocr_line' id='line_1_28' title="bbox 189 3343 1262 3428; baseline 0.003 -18"><span class='ocrx_word' id='word_1_167' title='bbox 189 3346 238 3412; x_wconf 87' lang='lat' dir='ltr'><em>De</em></span> <span class='ocrx_word' id='word_1_168' title='bbox 255 3352 399 3428; x_wconf 80' lang='lat' dir='ltr'>tempore</span> <span class='ocrx_word' id='word_1_169' title='bbox 414 3343 499 3427; x_wconf 84' lang='grc' dir='ltr'><em>πρός</em></span> <span class='ocrx_word' id='word_1_170' title='bbox 514 3365 585 3411; x_wconf 82' lang='lat' dir='ltr'><em>oum</em></span> <span class='ocrx_word' id='word_1_171' title='bbox 602 3365 668 3411; x_wconf 84' lang='lat' dir='ltr'>auo.</span> <span class='ocrx_word' id='word_1_172' title='bbox 684 3366 749 3412; x_wconf 91' lang='lat' dir='ltr'><em>nou</em></span> <span class='ocrx_word' id='word_1_173' title='bbox 766 3347 888 3413; x_wconf 82' lang='lat' dir='ltr'>dieitur</span> <span class='ocrx_word' id='word_1_174' title='bbox 903 3349 968 3413; x_wconf 88' lang='lat' dir='ltr'>nisi</span> <span class='ocrx_word' id='word_1_175' title='bbox 984 3367 1056 3413; x_wconf 87' lang='lat' dir='ltr'><em>oum</em></span> <span class='ocrx_word' id='word_1_176' title='bbox 1072 3348 1262 3414; x_wconf 85' lang='lat' dir='ltr'>nominibus</span> 
     </span>
     <span class='ocr_line' id='line_1_29' title="bbox 77 3450 1261 3539; baseline -0.001 -22"><span class='ocrx_word' id='word_1_177' title='bbox 77 3453 264 3537; x_wconf 84' lang='lat' dir='ltr'>partes***)</span> <span class='ocrx_word' id='word_1_178' title='bbox 298 3455 361 3519; x_wconf 94' lang='lat' dir='ltr'>diei</span> <span class='ocrx_word' id='word_1_179' title='bbox 390 3453 652 3534; x_wconf 80' lang='lat' dir='ltr'>significantibus</span> <span class='ocrx_word' id='word_1_180' title='bbox 686 3455 736 3535; x_wconf 87' lang='lat' dir='ltr'><em>(ut</em></span> <span class='ocrx_word' id='word_1_181' title='bbox 760 3450 830 3536; x_wconf 76' lang='grc' dir='ltr'><strong><em>ἕως,</em></strong></span> <span class='ocrx_word' id='word_1_182' title='bbox 852 3451 990 3537; x_wconf 65' lang='grc' dir='ltr'><em>ὄρθρος,</em></span> <span class='ocrx_word' id='word_1_183' title='bbox 1027 3452 1163 3539; x_wconf 76' lang='grc' dir='ltr'><em>ἑσπέρα)</em></span> <span class='ocrx_word' id='word_1_184' title='bbox 1197 3476 1261 3538; x_wconf 85' lang='lat' dir='ltr'><em>pro</em></span> 
     </span>
     <span class='ocr_line' id='line_1_30' title="bbox 77 3560 697 3643; baseline 0 -17"><span class='ocrx_word' id='word_1_185' title='bbox 77 3560 300 3627; x_wconf 87' lang='lat' dir='ltr'>Romanorum</span> <span class='ocrx_word' id='word_1_186' title='bbox 317 3560 556 3643; x_wconf 83' lang='lat' dir='ltr'>praepositione</span> <span class='ocrx_word' id='word_1_187' title='bbox 584 3561 697 3639; x_wconf 88' lang='lat' dir='ltr'>„sub“:</span> 
     </span>
    </p>
   </div>
   <div class='ocr_carea' id='block_1_6' title="bbox 111 3726 1256 4432">
    <p class='ocr_par' dir='ltr' id='par_1_14' title="bbox 116 3726 984 3902">
     <span class='ocr_line' id='line_1_31' title="bbox 116 3726 928 3805; baseline -0.002 -13"><span class='ocrx_word' id='word_1_188' title='bbox 116 3726 119 3730; x_wconf 31' lang='grc'>“</span> <span class='ocrx_word' id='word_1_189' title='bbox 145 3735 170 3801; x_wconf 73' lang='lat' dir='ltr'><em>*i</em></span> <span class='ocrx_word' id='word_1_190' title='bbox 190 3738 275 3792; x_wconf 85' lang='lat' dir='ltr'>Semel</span> <span class='ocrx_word' id='word_1_191' title='bbox 295 3740 376 3792; x_wconf 84' lang='lat' dir='ltr'>etiam</span> <span class='ocrx_word' id='word_1_192' title='bbox 396 3731 431 3800; x_wconf 78' lang='grc' dir='ltr'><em>ὦς</em></span> <span class='ocrx_word' id='word_1_193' title='bbox 450 3756 509 3792; x_wconf 87' lang='lat' dir='ltr'><em>oum</em></span> <span class='ocrx_word' id='word_1_194' title='bbox 530 3739 609 3792; x_wconf 85' lang='lat' dir='ltr'>verbo</span> <span class='ocrx_word' id='word_1_195' title='bbox 629 3743 724 3793; x_wconf 79' lang='grc' dir='ltr'><em>καλεῖν</em></span> <span class='ocrx_word' id='word_1_196' title='bbox 743 3739 928 3805; x_wconf 78' lang='lat' dir='ltr'>coniungitur:</span> 
     </span>
     <span class='ocr_line' id='line_1_32' title="bbox 243 3816 984 3902; baseline 0 -22"><span class='ocrx_word' id='word_1_197' title='bbox 243 3832 293 3880; x_wconf 89' lang='lat' dir='ltr'><em>Av.</em></span> <span class='ocrx_word' id='word_1_198' title='bbox 314 3830 391 3882; x_wconf 83' lang='lat'>1164.</span> <span class='ocrx_word' id='word_1_199' title='bbox 411 3827 444 3884; x_wconf 79' lang='grc' dir='ltr'><em>δν</em></span> <span class='ocrx_word' id='word_1_200' title='bbox 462 3825 579 3883; x_wconf 84' lang='grc' dir='ltr'><em>κάλεσον</em></span> <span class='ocrx_word' id='word_1_201' title='bbox 599 3869 606 3881; x_wconf 93' lang='grc'><em>.</em></span> <span class='ocrx_word' id='word_1_202' title='bbox 625 3870 630 3880; x_wconf 94' lang='grc'><em>.</em></span> <span class='ocrx_word' id='word_1_203' title='bbox 651 3868 657 3880; x_wconf 85' lang='grc'><em>.</em></span> <span class='ocrx_word' id='word_1_204' title='bbox 678 3869 684 3882; x_wconf 87' lang='grc'><em>.</em></span> <span class='ocrx_word' id='word_1_205' title='bbox 705 3869 711 3881; x_wconf 91' lang='grc'><em>.</em></span> <span class='ocrx_word' id='word_1_206' title='bbox 731 3828 850 3882; x_wconf 72' lang='grc' dir='ltr'><em>ἔνδοθεν</em></span> <span class='ocrx_word' id='word_1_207' title='bbox 870 3821 904 3888; x_wconf 64' lang='grc' dir='ltr'><em>οἷς</em></span> <span class='ocrx_word' id='word_1_208' title='bbox 925 3816 984 3902; x_wconf 68' lang='grc' dir='ltr'><em>ἐμέ.</em></span> 
     </span>
    </p>

    <p class='ocr_par' dir='ltr' id='par_1_15' title="bbox 128 3911 1256 4162">
     <span class='ocr_line' id='line_1_33' title="bbox 128 3911 1256 3987; baseline 0.004 -19"><span class='ocrx_word' id='word_1_209' title='bbox 128 3912 169 3985; x_wconf 78' lang='grc'><em>**)</em></span> <span class='ocrx_word' id='word_1_210' title='bbox 188 3917 295 3969; x_wconf 82' lang='lat' dir='ltr'>Dicitur</span> <span class='ocrx_word' id='word_1_211' title='bbox 313 3911 424 3987; x_wconf 78' lang='grc' dir='ltr'><em>βλέπειν</em></span> <span class='ocrx_word' id='word_1_212' title='bbox 438 3919 514 3971; x_wconf 84' lang='lat' dir='ltr'>simil.</span> <span class='ocrx_word' id='word_1_213' title='bbox 531 3920 578 3978; x_wconf 80' lang='grc' dir='ltr'><em>εἴς</em></span> <span class='ocrx_word' id='word_1_214' title='bbox 598 3935 683 3972; x_wconf 68' lang='lat' dir='ltr'>tauri:</span> <span class='ocrx_word' id='word_1_215' title='bbox 704 3918 770 3983; x_wconf 83' lang='lat' dir='ltr'>Equ.</span> <span class='ocrx_word' id='word_1_216' title='bbox 785 3918 845 3970; x_wconf 75' lang='grc'><em>292.</em></span> <span class='ocrx_word' id='word_1_217' title='bbox 860 3919 925 3983; x_wconf 84' lang='grc'><strong>663;</strong></span> <span class='ocrx_word' id='word_1_218' title='bbox 945 3917 1026 3984; x_wconf 84' lang='lat' dir='ltr'>Vesp.</span> <span class='ocrx_word' id='word_1_219' title='bbox 1039 3918 1104 3977; x_wconf 76' lang='lat'>613:</span> <span class='ocrx_word' id='word_1_220' title='bbox 1124 3919 1174 3972; x_wconf 82' lang='lat' dir='ltr'><em>Av.</em></span> <span class='ocrx_word' id='word_1_221' title='bbox 1188 3920 1256 3985; x_wconf 74' lang='lat'><em>3093</em></span> 
     </span>
     <span class='ocr_line' id='line_1_34' title="bbox 189 4006 1256 4074; baseline 0.003 -16"><span class='ocrx_word' id='word_1_222' title='bbox 189 4007 249 4058; x_wconf 85' lang='lat' dir='ltr'><em>Rau</em></span> <span class='ocrx_word' id='word_1_223' title='bbox 277 4007 338 4059; x_wconf 82' lang='lat'><em>499.</em></span> <span class='ocrx_word' id='word_1_224' title='bbox 357 4007 424 4073; x_wconf 76' lang='lat'><em>5623</em></span> <span class='ocrx_word' id='word_1_225' title='bbox 455 4011 503 4067; x_wconf 80' lang='grc' dir='ltr'><em>εἴς</em></span> <span class='ocrx_word' id='word_1_226' title='bbox 523 4023 567 4062; x_wconf 76' lang='lat' dir='ltr'><em>tt:</em></span> <span class='ocrx_word' id='word_1_227' title='bbox 598 4008 830 4074; x_wconf 76' lang='lat' dir='ltr'>uoh.3‘2.1108;</span> <span class='ocrx_word' id='word_1_228' title='bbox 859 4006 927 4059; x_wconf 91' lang='lat' dir='ltr'>Nub.</span> <span class='ocrx_word' id='word_1_229' title='bbox 951 4008 1008 4060; x_wconf 81' lang='grc'><em>187.</em></span> <span class='ocrx_word' id='word_1_230' title='bbox 1029 4008 1095 4073; x_wconf 86' lang='grc'><strong>193;</strong></span> <span class='ocrx_word' id='word_1_231' title='bbox 1124 4007 1185 4061; x_wconf 82' lang='lat' dir='ltr'>Pae.</span> <span class='ocrx_word' id='word_1_232' title='bbox 1205 4009 1256 4074; x_wconf 76' lang='lat'><em>563</em></span> 
     </span>
     <span class='ocr_line' id='line_1_35' title="bbox 189 4095 1116 4162; baseline 0.006 -15"><span class='ocrx_word' id='word_1_233' title='bbox 189 4097 239 4147; x_wconf 84' lang='lat' dir='ltr'><em>Av.</em></span> <span class='ocrx_word' id='word_1_234' title='bbox 260 4096 326 4162; x_wconf 86' lang='grc'><strong>264;</strong></span> <span class='ocrx_word' id='word_1_235' title='bbox 345 4095 413 4146; x_wconf 87' lang='lat' dir='ltr'>Rau.</span> <span class='ocrx_word' id='word_1_236' title='bbox 434 4097 511 4149; x_wconf 94' lang='grc'><strong>1171.</strong></span> <span class='ocrx_word' id='word_1_237' title='bbox 1114 4101 1116 4107; x_wconf 83' lang='lat'>&#39;</span> 
     </span>
    </p>

    <p class='ocr_par' dir='ltr' id='par_1_16' title="bbox 111 4181 1256 4432">
     <span class='ocr_line' id='line_1_36' title="bbox 111 4181 1255 4258; baseline 0.003 -23"><span class='ocrx_word' id='word_1_238' title='bbox 111 4181 168 4254; x_wconf 80' lang='grc'>***)</span> <span class='ocrx_word' id='word_1_239' title='bbox 188 4184 287 4237; x_wconf 81' lang='lat' dir='ltr'>Eodem</span> <span class='ocrx_word' id='word_1_240' title='bbox 307 4200 387 4236; x_wconf 88' lang='lat' dir='ltr'>seusu</span> <span class='ocrx_word' id='word_1_241' title='bbox 406 4197 552 4251; x_wconf 78' lang='lat' dir='ltr'>usurpatur</span> <span class='ocrx_word' id='word_1_242' title='bbox 572 4188 611 4246; x_wconf 70' lang='grc' dir='ltr'><em>εἰς</em></span> <span class='ocrx_word' id='word_1_243' title='bbox 629 4188 657 4239; x_wconf 91' lang='lat' dir='ltr'><em>in</em></span> <span class='ocrx_word' id='word_1_244' title='bbox 677 4187 734 4239; x_wconf 85' lang='lat' dir='ltr'>solu</span> <span class='ocrx_word' id='word_1_245' title='bbox 752 4186 886 4239; x_wconf 86' lang='lat' dir='ltr'>locutione</span> <span class='ocrx_word' id='word_1_246' title='bbox 906 4192 945 4248; x_wconf 76' lang='grc' dir='ltr'><em>εἰς</em></span> <span class='ocrx_word' id='word_1_247' title='bbox 958 4183 1092 4258; x_wconf 74' lang='grc' dir='ltr'><em>ἑσπέρακε</em></span> <span class='ocrx_word' id='word_1_248' title='bbox 1112 4189 1174 4241; x_wconf 85' lang='lat' dir='ltr'>Pac.</span> <span class='ocrx_word' id='word_1_249' title='bbox 1194 4189 1255 4242; x_wconf 89' lang='grc'><em>966.</em></span> 
     </span>
     <span class='ocr_line' id='line_1_37' title="bbox 188 4270 1256 4349; baseline 0.005 -23"><span class='ocrx_word' id='word_1_250' title='bbox 188 4274 259 4326; x_wconf 83' lang='grc' dir='ltr'><em>ΕοοΙ.</em></span> <span class='ocrx_word' id='word_1_251' title='bbox 284 4274 363 4326; x_wconf 86' lang='grc'><strong>1047.</strong></span> <span class='ocrx_word' id='word_1_252' title='bbox 401 4272 474 4326; x_wconf 85' lang='lat' dir='ltr'>Plut.</span> <span class='ocrx_word' id='word_1_253' title='bbox 499 4274 558 4328; x_wconf 88' lang='grc'><strong>997,</strong></span> <span class='ocrx_word' id='word_1_254' title='bbox 586 4276 654 4329; x_wconf 91' lang='grc'><strong>1201</strong></span> <span class='ocrx_word' id='word_1_255' title='bbox 682 4276 724 4328; x_wconf 83' lang='lat' dir='ltr'><em>vel</em></span> <span class='ocrx_word' id='word_1_256' title='bbox 750 4274 777 4335; x_wconf 81' lang='grc' dir='ltr'><em>ἐς</em></span> <span class='ocrx_word' id='word_1_257' title='bbox 801 4270 923 4349; x_wconf 79' lang='grc' dir='ltr'><em>ἑσπέραν</em></span> <span class='ocrx_word' id='word_1_258' title='bbox 948 4277 1051 4345; x_wconf 76' lang='lat' dir='ltr'>Frgmt.</span> <span class='ocrx_word' id='word_1_259' title='bbox 1077 4279 1112 4331; x_wconf 88' lang='lat' dir='ltr'><em>M.</em></span> <span class='ocrx_word' id='word_1_260' title='bbox 1138 4278 1207 4331; x_wconf 89' lang='grc'><strong>1027</strong></span> <span class='ocrx_word' id='word_1_261' title='bbox 1227 4278 1256 4331; x_wconf 91' lang='grc' dir='ltr'><em>ΙΙ</em></span> 
     </span>
     <span class='ocr_line' id='line_1_38' title="bbox 189 4363 326 4432; baseline -0.007 -17"><span class='ocrx_word' id='word_1_262' title='bbox 189 4363 326 4432; x_wconf 58' lang='grc' dir='ltr'><em>[10202]Ι</em></span> 
     </span>
    </p>
   </div>
   <div class='ocr_carea' id='block_1_7' title="bbox 0 0 1426 4854">
    <p class='ocr_par' dir='ltr' id='par_1_17' title="bbox 0 0 1426 4854">
     <span class='ocr_line' id='line_1_39' title="bbox 0 0 1426 4854; baseline 0 0"><span class='ocrx_word' id='word_1_263' title='bbox 0 0 1426 4854; x_wconf 95' lang='lat' dir='ltr'><em> </em></span> 
     </span>
    </p>
   </div>
  </div>
 </body>
</html>
