2842 4854
599 390 821 449 ..33-

230 576 283 646 Sio
306 581 405 645 etiam
430 597 556 644 versus:

214 706 309 788 Vesp.
337 711 430 770 1037.
454 707 552 790 φησίν
564 724 600 767 τε
616 706 687 784 μετ’
708 696 810 767 αὐτόν
828 706 884 786 (se.
902 703 1046 782 Κλέωνα)
1063 710 1132 775 τοῖς
1144 699 1303 788 ἠπιάλοις

496 807 706 896 ἐπιχειρῆσαι
730 816 870 895 πέρυσιν
894 811 951 874 καὶ
974 818 1041 882 τοῖς
1063 817 1260 895 πυρετοῖσιν

118 919 303 1002 aecipiendi
338 929 428 1000 sunt;
465 920 521 986 ubi
553 926 642 985 reete
665 919 768 984 Kook.
804 919 944 1003 (Frgmt.
979 937 1058 984 oorn.
1093 938 1140 1002 gr.
1165 939 1196 1001 p.
1221 919 1304 1003 495)

119 1024 208 1109 μειί
235 1047 260 1093 e.
284 1046 349 1092 aee.
381 1027 480 1092 scribi
512 1026 610 1091 iussit
644 1044 702 1107 pro
738 1025 883 1091 codicum
919 1026 1058 1092 lectione
1091 1027 1162 1106 μετ’
1199 1019 1305 1090 αὐτοῦ

120 1136 221 1219 (hano
243 1135 365 1200 iniuria
389 1133 535 1200 defendit
547 1132 670 1215 Bergk.
695 1133 730 1197 in
754 1133 851 1198 Mein.
875 1132 1002 1216 Frgmt.
1027 1152 1107 1200 corn.
1131 1152 1180 1216 gr.
1204 1135 1249 1199 II.
1274 1155 1305 1217 p.

127 1248 211 1307 1114
236 1241 275 1325 s.)
320 1240 542 1306 Probabiliter
565 1238 650 1305 enirn
674 1240 820 1305 Koekius
845 1241 904 1305 hos
920 1259 1094 1322 vesparum
1119 1259 1240 1307 versus
1264 1241 1305 1308 de

124 1349 264 1415 nubibus
288 1367 373 1413 anno
401 1354 479 1414 ante
502 1346 606 1412 doctis
627 1346 798 1428 intelligit,
831 1365 894 1428 qua
927 1347 1039 1413 fabula
1063 1348 1305 1430 Aristophanes

119 1455 289 1522 Socratem
299 1455 437 1536 eiusque
460 1453 636 1536 discipulos
651 1455 897 1536 perstrinxerat,
922 1463 1095 1536 postquam
1117 1456 1184 1522 ianr
1203 1465 1303 1523 antea

119 1563 273 1631 Cleonem
307 1561 486 1645 (equitibus
510 1581 537 1626 a.
561 1562 640 1642 424)
665 1563 807 1627 vexavit.
853 1561 907 1628 Sic
931 1563 1037 1629 dicere
1060 1569 1159 1645 poeta
1182 1566 1304 1644 potuit:

125 1672 195 1756 „ait
218 1670 343 1755 (poeta)
367 1688 403 1735 se
426 1675 499 1751 post
533 1669 624 1734 illum
650 1670 826 1753 (Cleonem)
856 1670 1023 1751 superiore
1057 1689 1144 1735 anno
1168 1671 1304 1738 incubos

125 1788 159 1845 et
182 1778 287 1844 febres
312 1777 377 1862 [his
401 1777 487 1842 eninr
513 1776 621 1842 verbis
645 1776 795 1842 Socrates
819 1785 853 1841 et
876 1777 1043 1856 sophistae
1072 1778 1301 1861 designantur]

122 1904 317 1969 aggressum
341 1887 445 1952 esse.“

676 2060 694 2146 ξ
720 2067 749 2126 2.

230 2205 357 2272 Deinde
373 2199 459 2283 μειοῖ
480 2222 590 2284 praep.
615 2221 685 2269 euna
703 2222 768 2268 aec.
794 2223 982 2284 personae
1006 2205 1131 2269 indicat
1149 2205 1291 2271 ordinem.

212 2314 295 2395 Equ.
321 2318 395 2377 765.
419 2306 582 2393 βέλτιστος
605 2301 689 2395 ανὴρ
712 2305 796 2391 μετὰ
820 2311 986 2375 Λυσικλέα
1014 2313 1068 2399 καὶ
1093 2309 1228 2376 Κύνναν
1250 2313 1298 2374 καὶ

1051 2419 1264 2503 Σαλαβακχώ.

210 2527 296 2592 Nub.
323 2532 373 2592 30.
397 2522 533 2610 (δώδεκα
567 2528 649 2606 μνᾶς
673 2529 782 2610 Πασίᾳ
815 2521 956 2608 ὀφείλω.)
980 2529 1015 2588 τί
1042 2532 1133 2609 χρέος
1172 2526 1233 2611 ἔβα
1267 2549 1305 2610 με

933 2630 1016 2716 μετὰ
1041 2630 1097 2698 τὸν
1122 2642 1266 2722 Πασίαν;

218 2743 345 2808 Thesm.
369 2747 443 2809 440.
479 2746 548 2822 μετ’
585 2737 685 2827 αὐτὴν
719 2741 894 2826 Ξενοκλέης
933 2741 1048 2827 (λέγοι)
1084 2745 1139 2827 (ci.
1175 2747 1309 2813 Baohm.

325 2921 327 2927 .
385 2874 388 2879 ·
995 2852 1015 2917 1.
1040 2870 1065 2916 ο.
1089 2870 1120 2932 p.
1149 2857 1190 2918 14
1217 2855 1267 2936 s).

216 2956 303 3022 Plut.
329 2961 402 3022 251.
427 2951 497 3041 (τὸν
521 2951 602 3037 υίδν)
627 2951 686 3038 ἐγώ
710 2957 793 3040 φιλῶ
816 2954 956 3036 μα’λισσα
981 2951 1062 3038 μετα
1089 2963 1133 3021 σέ.

680 3133 751 3220 §a

217 3281 299 3346 Ran.
333 3286 428 3345 1026.
461 3270 531 3342 εἶτα
565 3275 694 3352 διδάξας
724 3284 851 3362 Πέρσας
886 3273 968 3359 μετα
1004 3280 1090 3342 τοῦτ’
1127 3275 1315 3362 ἐπιθυμεῖν

559 3382 722 3461 ἐξεδίδαξα
746 3389 852 3469 (νικοῖν
875 3378 929 3450 αἐἱ
951 3380 1025 3457 τοδς
1048 3382 1267 3472 ἀντιπάλους)

123 3493 240 3579 (antea
269 3500 517 3560 commemorata
552 3502 603 3559 est
626 3493 739 3559 fabula
775 3513 856 3574 quae
879 3493 1071 3558 inscribitur
1099 3490 1129 3554 οἱ
1154 3491 1228 3556 ἕπτ’
1255 3493 1315 3559 ἐπὶ

125 3600 251 3688 Θήβας)
285 3600 434 3666 nonnulli
470 3606 507 3665 ut
529 3601 626 3666 Dind.
649 3600 771 3683 Reisig.
796 3601 961 3666 Thiersch.
995 3602 1097 3666 verba
1132 3591 1203 3663 εἶτα
1228 3597 1314 3682 μετὰ

128 3713 225 3773 τοῦτο
248 3728 313 3774 non
345 3709 385 3773 de
409 3714 553 3788 tempore
586 3709 688 3790 arcipi
721 3709 905 3790 voluerunt,
942 3708 998 3773 sed
1033 3708 1314 3788 praepositionem

129 3817 185 3881 hic
207 3816 274 3882 virn
298 3815 514 3882 enumerandi
539 3817 660 3882 habere
684 3821 853 3897 putarunt,
881 3815 966 3895 quod
991 3814 1314 3895 Septemadversus

131 3925 260 3989 Thebas
291 3933 365 4005 post
388 3925 507 3990 Persas
531 3930 624 3988 actae
648 3934 732 3988 sunt.
778 3923 869 3988 Idem
893 3921 991 3986 schol.
1025 3939 1153 4002 quoque
1181 3925 1313 4008 suadet,

129 4025 166 4094 νδ
189 4030 226 4094 δέ
248 4023 319 4094 εἶτα
350 4033 405 4094 καὶ
427 4025 463 4094 ιδ
498 4025 581 4112 μετα
605 4033 700 4093 τοῦτο
729 4024 767 4092 οὗ
790 4028 942 4092 θέλουσιν
976 4023 1109 4090 οἷκονέιυ
1136 4025 1219 4112 πρός
1256 4025 1315 4104 τὰς

131 4139 333 4210 διδασκαλίας
367 4135 427 4203 ἄλλ
450 4134 485 4202 ἐν
509 4135 564 4222 ἴσῳ
588 4140 632 4222 τῷ
656 4138 710 4199 καὶ
744 4138 839 4199 τοῦτο
875 4131 1003 4209 ἐδίδαξα
1027 4135 1081 4196 καὶ
1117 4128 1153 4197 τὸ
1188 4131 1313 4221 ἕτερον.

134 4247 195 4312 Sed
220 4248 300 4312 haee
323 4246 554 4327 interpretatio
578 4244 810 4325 Aristophanis
840 4243 961 4308 rationi
986 4260 1119 4323 prorsus
1144 4247 1315 4312 contraria

126 4361 193 4420 est:
219 4374 295 4420 nem
319 4373 359 4421 ex
382 4354 540 4435 exemplis
564 4353 674 4418 allatis
698 4345 780 4432 μετὰ
804 4350 1078 4433 praepositionem
1110 4349 1150 4415 de
1173 4354 1313 4421 numero
