<?xml version="1.0" encoding="UTF-8"?>
<!DOCTYPE html PUBLIC "-//W3C//DTD XHTML 1.0 Transitional//EN"
    "http://www.w3.org/TR/xhtml1/DTD/xhtml1-transitional.dtd">
<html xmlns="http://www.w3.org/1999/xhtml" xml:lang="en" lang="en">
 <head>
  <title>
</title>
<meta http-equiv="Content-Type" content="text/html;charset=utf-8" />
  <meta name='ocr-system' content='tesseract 3.04.00' />
  <meta name='ocr-capabilities' content='ocr_page ocr_carea ocr_par ocr_line ocrx_word'/>
</head>
<body>
  <div class='ocr_page' id='page_1' title='image "./devietusupraepo00iltzgoog_0050.png"; bbox 0 0 2842 4854; ppageno 0'>
   <div class='ocr_carea' id='block_1_1' title="bbox 588 363 811 422">
    <p class='ocr_par' dir='ltr' id='par_1_1' title="bbox 588 363 811 422">
     <span class='ocr_line' id='line_1_1' title="bbox 588 363 811 422; baseline -0.004 -18"><span class='ocrx_word' id='word_1_1' title='bbox 588 363 720 422; x_wconf 83' lang='lat'><strong><em>-45</em></strong></span> <span class='ocrx_word' id='word_1_2' title='bbox 768 392 811 404; x_wconf 88' lang='lat'><strong><em>...</em></strong></span> 
     </span>
    </p>
   </div>
   <div class='ocr_carea' id='block_1_2' title="bbox 118 547 1295 4508">
    <p class='ocr_par' dir='ltr' id='par_1_2' title="bbox 118 547 1295 4508">
     <span class='ocr_line' id='line_1_2' title="bbox 194 547 1020 639; baseline -0.011 -15"><span class='ocrx_word' id='word_1_3' title='bbox 194 557 293 639; x_wconf 82' lang='lat' dir='ltr'>Vesp.</span> <span class='ocrx_word' id='word_1_4' title='bbox 321 560 394 620; x_wconf 87' lang='grc'><strong>700.</strong></span> <span class='ocrx_word' id='word_1_5' title='bbox 418 547 488 618; x_wconf 77' lang='grc' dir='ltr'><strong><em>α’πό</em></strong></span> <span class='ocrx_word' id='word_1_6' title='bbox 513 559 573 618; x_wconf 88' lang='grc' dir='ltr'><strong><em>τοῦ</em></strong></span> <span class='ocrx_word' id='word_1_7' title='bbox 596 551 726 618; x_wconf 78' lang='grc' dir='ltr'><strong><em>Πόντου</em></strong></span> <span class='ocrx_word' id='word_1_8' title='bbox 751 559 845 638; x_wconf 84' lang='grc' dir='ltr'><strong><em>μέχρι</em></strong></span> <span class='ocrx_word' id='word_1_9' title='bbox 868 555 1020 637; x_wconf 79' lang='grc' dir='ltr'><strong><em>Σαρδοῦς.</em></strong></span> 
     </span>
     <span class='ocr_line' id='line_1_3' title="bbox 193 654 1289 746; baseline -0.003 -17"><span class='ocrx_word' id='word_1_10' title='bbox 193 664 293 746; x_wconf 82' lang='lat' dir='ltr'>Vesp.</span> <span class='ocrx_word' id='word_1_11' title='bbox 321 669 416 729; x_wconf 88' lang='grc'><strong>1032.</strong></span> <span class='ocrx_word' id='word_1_12' title='bbox 462 658 652 727; x_wconf 79' lang='grc' dir='ltr'><strong><em>δεινόταται</em></strong></span> <span class='ocrx_word' id='word_1_13' title='bbox 668 661 730 743; x_wconf 76' lang='grc' dir='ltr'><strong><em>μὲν</em></strong></span> <span class='ocrx_word' id='word_1_14' title='bbox 741 654 801 724; x_wconf 77' lang='grc' dir='ltr'><strong><em>α’π’</em></strong></span> <span class='ocrx_word' id='word_1_15' title='bbox 819 656 1005 742; x_wconf 79' lang='grc' dir='ltr'><strong><em>ὀφθαλμῶν</em></strong></span> <span class='ocrx_word' id='word_1_16' title='bbox 1015 657 1144 746; x_wconf 74' lang='grc' dir='ltr'><strong><em>Κύννης</em></strong></span> <span class='ocrx_word' id='word_1_17' title='bbox 1159 654 1289 736; x_wconf 85' lang='grc' dir='ltr'><strong><em>οἷκτίνες</em></strong></span> 
     </span>
     <span class='ocr_line' id='line_1_4' title="bbox 193 766 1242 851; baseline -0.001 -14"><span class='ocrx_word' id='word_1_18' title='bbox 193 772 270 837; x_wconf 74' lang='lat' dir='ltr'><strong>Pac.</strong></span> <span class='ocrx_word' id='word_1_19' title='bbox 318 776 391 836; x_wconf 90' lang='grc'><strong>755.</strong></span> <span class='ocrx_word' id='word_1_20' title='bbox 1083 766 1242 851; x_wconf 78' lang='grc' dir='ltr'><strong><em>ἔλαμπον.</em></strong></span> 
     </span>
     <span class='ocr_line' id='line_1_5' title="bbox 191 870 1287 961; baseline -0.004 -15"><span class='ocrx_word' id='word_1_21' title='bbox 191 880 278 946; x_wconf 80' lang='lat' dir='ltr'><strong>Rau.</strong></span> <span class='ocrx_word' id='word_1_22' title='bbox 304 883 376 943; x_wconf 88' lang='grc'><strong>121.</strong></span> <span class='ocrx_word' id='word_1_23' title='bbox 393 880 453 958; x_wconf 96' lang='grc' dir='ltr'><strong><em>μία</em></strong></span> <span class='ocrx_word' id='word_1_24' title='bbox 466 877 524 961; x_wconf 82' lang='lat' dir='ltr'>(so.</span> <span class='ocrx_word' id='word_1_25' title='bbox 538 870 627 961; x_wconf 79' lang='grc' dir='ltr'><strong><em>ὁδός)</em></strong></span> <span class='ocrx_word' id='word_1_26' title='bbox 639 876 702 955; x_wconf 79' lang='grc' dir='ltr'><strong><em>μὲν</em></strong></span> <span class='ocrx_word' id='word_1_27' title='bbox 714 872 775 956; x_wconf 79' lang='grc' dir='ltr'><strong><em>γάρ</em></strong></span> <span class='ocrx_word' id='word_1_28' title='bbox 788 872 876 939; x_wconf 78' lang='grc' dir='ltr'><strong><em>ἐστιν</em></strong></span> <span class='ocrx_word' id='word_1_29' title='bbox 888 870 958 938; x_wconf 80' lang='grc' dir='ltr'><strong><em>οἷπῦ</em></strong></span> <span class='ocrx_word' id='word_1_30' title='bbox 972 874 1058 940; x_wconf 78' lang='grc' dir='ltr'><strong><em>κάλω</em></strong></span> <span class='ocrx_word' id='word_1_31' title='bbox 1069 878 1125 940; x_wconf 83' lang='grc' dir='ltr'><strong><em>καί</em></strong></span> <span class='ocrx_word' id='word_1_32' title='bbox 1137 881 1287 961; x_wconf 76' lang='grc' dir='ltr'><strong><em>θρανίου·</em></strong></span> 
     </span>
     <span class='ocr_line' id='line_1_6' title="bbox 191 966 1290 1070; baseline -0.003 -17"><span class='ocrx_word' id='word_1_33' title='bbox 191 987 324 1069; x_wconf 79' lang='lat' dir='ltr'>Frgmt·</span> <span class='ocrx_word' id='word_1_34' title='bbox 346 985 389 1050; x_wconf 88' lang='grc' dir='ltr'><strong><em>Μ.</em></strong></span> <span class='ocrx_word' id='word_1_35' title='bbox 416 989 499 1049; x_wconf 89' lang='grc'><strong>1071</strong></span> <span class='ocrx_word' id='word_1_36' title='bbox 525 983 582 1049; x_wconf 91' lang='lat' dir='ltr'><strong><em>IV.</em></strong></span> <span class='ocrx_word' id='word_1_37' title='bbox 607 975 697 1047; x_wconf 77' lang='grc' dir='ltr'><strong><em>κᾶπό</em></strong></span> <span class='ocrx_word' id='word_1_38' title='bbox 726 985 781 1066; x_wconf 74' lang='grc' dir='ltr'><strong><em>τῆς</em></strong></span> <span class='ocrx_word' id='word_1_39' title='bbox 806 966 1007 1067; x_wconf 75' lang='grc' dir='ltr'><strong><em>Διιτρέφους</em></strong></span> <span class='ocrx_word' id='word_1_40' title='bbox 1038 984 1199 1070; x_wconf 81' lang='grc' dir='ltr'><strong><em>τραπέζης</em></strong></span> <span class='ocrx_word' id='word_1_41' title='bbox 1233 986 1290 1070; x_wconf 82' lang='grc' dir='ltr'><strong>[Κ.</strong></span> 
     </span>
     <span class='ocr_line' id='line_1_7' title="bbox 972 1088 1242 1178; baseline 0.004 -22"><span class='ocrx_word' id='word_1_42' title='bbox 972 1098 1051 1172; x_wconf 72' lang='lat'><strong><em>3073</em></strong></span> <span class='ocrx_word' id='word_1_43' title='bbox 1077 1093 1127 1158; x_wconf 81' lang='grc' dir='ltr'><strong><em>Βι.</em></strong></span> <span class='ocrx_word' id='word_1_44' title='bbox 1153 1088 1242 1178; x_wconf 66' lang='grc'><strong>3091</strong></span> 
     </span>
     <span class='ocr_line' id='line_1_8' title="bbox 118 1190 1294 1288; baseline -0.003 -20"><span class='ocrx_word' id='word_1_45' title='bbox 118 1202 161 1288; x_wconf 82' lang='grc'><strong><em>2)</em></strong></span> <span class='ocrx_word' id='word_1_46' title='bbox 187 1200 231 1266; x_wconf 84' lang='lat' dir='ltr'><strong><em>de</em></strong></span> <span class='ocrx_word' id='word_1_47' title='bbox 253 1206 400 1280; x_wconf 81' lang='lat' dir='ltr'>tompore</span> <span class='ocrx_word' id='word_1_48' title='bbox 424 1190 498 1262; x_wconf 78' lang='lat' dir='ltr'><strong><em>a&#39;rro&#39;</em></strong></span> <span class='ocrx_word' id='word_1_49' title='bbox 528 1205 724 1280; x_wconf 84' lang='lat' dir='ltr'>usurpatur,</span> <span class='ocrx_word' id='word_1_50' title='bbox 758 1207 796 1263; x_wconf 83' lang='lat' dir='ltr'><strong><em>ut</em></strong></span> <span class='ocrx_word' id='word_1_51' title='bbox 819 1197 975 1279; x_wconf 84' lang='lat' dir='ltr'>temporis</span> <span class='ocrx_word' id='word_1_52' title='bbox 999 1205 1155 1280; x_wconf 83' lang='lat' dir='ltr'>punctum</span> <span class='ocrx_word' id='word_1_53' title='bbox 1179 1217 1200 1264; x_wconf 79' lang='lat' dir='ltr'><strong>a</strong></span> <span class='ocrx_word' id='word_1_54' title='bbox 1224 1218 1294 1280; x_wconf 85' lang='lat' dir='ltr'>quo·</span> 
     </span>
     <span class='ocr_line' id='line_1_9' title="bbox 185 1305 711 1389; baseline -0.008 -16"><span class='ocrx_word' id='word_1_55' title='bbox 185 1305 312 1387; x_wconf 81' lang='lat' dir='ltr'>aliquid</span> <span class='ocrx_word' id='word_1_56' title='bbox 336 1305 462 1389; x_wconf 78' lang='lat' dir='ltr'>incipit,</span> <span class='ocrx_word' id='word_1_57' title='bbox 487 1305 711 1388; x_wconf 77' lang='lat' dir='ltr'>significetur:</span> 
     </span>
     <span class='ocr_line' id='line_1_10' title="bbox 193 1406 855 1492; baseline -0.008 -13"><span class='ocrx_word' id='word_1_58' title='bbox 193 1414 279 1480; x_wconf 85' lang='lat' dir='ltr'>Nob.</span> <span class='ocrx_word' id='word_1_59' title='bbox 303 1418 377 1479; x_wconf 86' lang='lat'><strong>431.</strong></span> <span class='ocrx_word' id='word_1_60' title='bbox 402 1406 438 1475; x_wconf 84' lang='grc' dir='ltr'>τό</span> <span class='ocrx_word' id='word_1_61' title='bbox 462 1408 584 1475; x_wconf 82' lang='grc' dir='ltr'><strong><em>λοιπόν</em></strong></span> <span class='ocrx_word' id='word_1_62' title='bbox 609 1412 634 1492; x_wconf 81' lang='grc' dir='ltr'><strong><em>γ’</em></strong></span> <span class='ocrx_word' id='word_1_63' title='bbox 659 1406 728 1475; x_wconf 79' lang='grc' dir='ltr'><strong><em>α’πό</em></strong></span> <span class='ocrx_word' id='word_1_64' title='bbox 752 1415 855 1474; x_wconf 83' lang='grc' dir='ltr'><strong><em>τουδί.</em></strong></span> 
     </span>
     <span class='ocr_line' id='line_1_11' title="bbox 198 1515 642 1603; baseline -0.009 -15"><span class='ocrx_word' id='word_1_65' title='bbox 198 1520 294 1603; x_wconf 76' lang='lat' dir='ltr'>Vesp.</span> <span class='ocrx_word' id='word_1_66' title='bbox 323 1525 394 1586; x_wconf 92' lang='grc'><strong>100.</strong></span> <span class='ocrx_word' id='word_1_67' title='bbox 418 1515 474 1601; x_wconf 72' lang='grc' dir='ltr'><strong><em>ἀφ’</em></strong></span> <span class='ocrx_word' id='word_1_68' title='bbox 495 1519 642 1603; x_wconf 78' lang='grc' dir='ltr'><strong><em>ἑσπέρας.</em></strong></span> 
     </span>
     <span class='ocr_line' id='line_1_12' title="bbox 313 1619 1159 1709; baseline -0.002 -16"><span class='ocrx_word' id='word_1_69' title='bbox 313 1633 387 1694; x_wconf 88' lang='grc'><strong>218.</strong></span> <span class='ocrx_word' id='word_1_70' title='bbox 411 1619 479 1691; x_wconf 83' lang='grc' dir='ltr'><strong><em>α’πό</em></strong></span> <span class='ocrx_word' id='word_1_71' title='bbox 504 1631 611 1705; x_wconf 81' lang='grc' dir='ltr'><strong><em>μέσων</em></strong></span> <span class='ocrx_word' id='word_1_72' title='bbox 635 1629 761 1690; x_wconf 80' lang='grc' dir='ltr'><strong><em>νυκτῶν</em></strong></span> <span class='ocrx_word' id='word_1_73' title='bbox 786 1649 820 1707; x_wconf 79' lang='grc' dir='ltr'><strong><em>γε</em></strong></span> <span class='ocrx_word' id='word_1_74' title='bbox 845 1627 1074 1709; x_wconf 78' lang='grc' dir='ltr'><strong><em>παρακαλοῦσ</em></strong></span> <span class='ocrx_word' id='word_1_75' title='bbox 1099 1619 1159 1692; x_wconf 81' lang='grc' dir='ltr'><strong><em>αἐί.</em></strong></span> 
     </span>
     <span class='ocr_line' id='line_1_13' title="bbox 295 1725 603 1820; baseline 0.003 -22"><span class='ocrx_word' id='word_1_76' title='bbox 295 1740 387 1800; x_wconf 85' lang='lat'>1031.</span> <span class='ocrx_word' id='word_1_77' title='bbox 412 1725 469 1798; x_wconf 70' lang='grc' dir='ltr'><strong><em>ἀπ’</em></strong></span> <span class='ocrx_word' id='word_1_78' title='bbox 494 1728 603 1820; x_wconf 70' lang='grc' dir='ltr'><strong><em>αρχῆς.</em></strong></span> 
     </span>
     <span class='ocr_line' id='line_1_14' title="bbox 193 1833 560 1926; baseline -0.008 -18"><span class='ocrx_word' id='word_1_79' title='bbox 193 1842 271 1908; x_wconf 83' lang='lat' dir='ltr'>Poe.</span> <span class='ocrx_word' id='word_1_80' title='bbox 295 1846 348 1908; x_wconf 87' lang='lat'><strong><em>84.</em></strong></span> <span class='ocrx_word' id='word_1_81' title='bbox 372 1833 430 1905; x_wconf 73' lang='grc' dir='ltr'><strong><em>ἀπ’</em></strong></span> <span class='ocrx_word' id='word_1_82' title='bbox 454 1837 560 1926; x_wconf 73' lang='grc' dir='ltr'><strong><em>ἀρχῆς.</em></strong></span> 
     </span>
     <span class='ocr_line' id='line_1_15' title="bbox 194 1941 1295 2034; baseline -0.007 -18"><span class='ocrx_word' id='word_1_83' title='bbox 194 1951 259 2016; x_wconf 83' lang='lat' dir='ltr'><strong><em>Av.</em></strong></span> <span class='ocrx_word' id='word_1_84' title='bbox 283 1953 360 2014; x_wconf 85' lang='grc'><strong>485.</strong></span> <span class='ocrx_word' id='word_1_85' title='bbox 384 1949 532 2012; x_wconf 80' lang='grc' dir='ltr'><strong><em>καλεῖται</em></strong></span> <span class='ocrx_word' id='word_1_86' title='bbox 551 1945 709 2032; x_wconf 84' lang='grc' dir='ltr'><strong><em>Περσικὸς</em></strong></span> <span class='ocrx_word' id='word_1_87' title='bbox 725 1945 815 2030; x_wconf 79' lang='grc' dir='ltr'><strong><em>ὅρνις</em></strong></span> <span class='ocrx_word' id='word_1_88' title='bbox 831 1941 898 2012; x_wconf 79' lang='grc' dir='ltr'><strong><em>α’πὸ</em></strong></span> <span class='ocrx_word' id='word_1_89' title='bbox 915 1953 970 2034; x_wconf 73' lang='grc' dir='ltr'><strong><em>τῆς</em></strong></span> <span class='ocrx_word' id='word_1_90' title='bbox 986 1942 1086 2034; x_wconf 70' lang='grc' dir='ltr'><strong><em>ἀρχῆς</em></strong></span> <span class='ocrx_word' id='word_1_91' title='bbox 1103 1946 1137 2012; x_wconf 84' lang='grc' dir='ltr'><strong><em>ἔτ</em></strong></span> <span class='ocrx_word' id='word_1_92' title='bbox 1155 1944 1295 2034; x_wconf 67' lang='grc' dir='ltr'><strong><em>ἔκείνφς.</em></strong></span> 
     </span>
     <span class='ocr_line' id='line_1_16' title="bbox 282 2047 742 2138; baseline -0.002 -20"><span class='ocrx_word' id='word_1_93' title='bbox 282 2059 355 2122; x_wconf 85' lang='grc'><strong>920.</strong></span> <span class='ocrx_word' id='word_1_94' title='bbox 380 2047 449 2119; x_wconf 77' lang='grc' dir='ltr'><strong><em>α’πό</em></strong></span> <span class='ocrx_word' id='word_1_95' title='bbox 473 2051 577 2118; x_wconf 84' lang='grc' dir='ltr'><strong><em>πόσου</em></strong></span> <span class='ocrx_word' id='word_1_96' title='bbox 603 2055 742 2138; x_wconf 83' lang='grc' dir='ltr'><strong><em>χρο’νου;</em></strong></span> 
     </span>
     <span class='ocr_line' id='line_1_17' title="bbox 270 2157 839 2246; baseline 0 -17"><span class='ocrx_word' id='word_1_97' title='bbox 270 2168 366 2229; x_wconf 87' lang='grc'><strong>1518.</strong></span> <span class='ocrx_word' id='word_1_98' title='bbox 390 2157 449 2226; x_wconf 78' lang='grc' dir='ltr'><strong><em>ἄπ’</em></strong></span> <span class='ocrx_word' id='word_1_99' title='bbox 474 2160 603 2226; x_wconf 80' lang='grc' dir='ltr'><strong><em>ἐκείνου</em></strong></span> <span class='ocrx_word' id='word_1_100' title='bbox 627 2165 686 2226; x_wconf 93' lang='grc' dir='ltr'><strong><em>τοῦ</em></strong></span> <span class='ocrx_word' id='word_1_101' title='bbox 710 2160 839 2246; x_wconf 86' lang='grc' dir='ltr'><strong><em>χρόνον.</em></strong></span> 
     </span>
     <span class='ocr_line' id='line_1_18' title="bbox 194 2263 841 2352; baseline -0.002 -16"><span class='ocrx_word' id='word_1_102' title='bbox 194 2270 278 2336; x_wconf 80' lang='lat' dir='ltr'><strong>Ran.</strong></span> <span class='ocrx_word' id='word_1_103' title='bbox 304 2275 377 2336; x_wconf 85' lang='lat'>948.</span> <span class='ocrx_word' id='word_1_104' title='bbox 402 2263 468 2333; x_wconf 84' lang='grc' dir='ltr'><strong><em>οἷπὸ</em></strong></span> <span class='ocrx_word' id='word_1_105' title='bbox 492 2272 557 2333; x_wconf 80' lang='grc' dir='ltr'><strong><em>τῶν</em></strong></span> <span class='ocrx_word' id='word_1_106' title='bbox 581 2266 720 2352; x_wconf 78' lang='grc' dir='ltr'><strong><em>πρώτων</em></strong></span> <span class='ocrx_word' id='word_1_107' title='bbox 744 2269 841 2335; x_wconf 83' lang='grc' dir='ltr'><strong><em>έπιῦν,</em></strong></span> 
     </span>
     <span class='ocr_line' id='line_1_19' title="bbox 281 2370 651 2461; baseline 0.011 -18"><span class='ocrx_word' id='word_1_108' title='bbox 281 2384 376 2443; x_wconf 87' lang='lat'>1030.</span> <span class='ocrx_word' id='word_1_109' title='bbox 401 2370 459 2441; x_wconf 74' lang='grc' dir='ltr'><strong><em>αἰυ</em></strong></span> <span class='ocrx_word' id='word_1_110' title='bbox 484 2370 592 2461; x_wconf 70' lang='grc' dir='ltr'><strong><em>αρχῆς.</em></strong></span> <span class='ocrx_word' id='word_1_111' title='bbox 649 2412 651 2415; x_wconf 94' lang='grc'>-</span> 
     </span>
     <span class='ocr_line' id='line_1_20' title="bbox 203 2469 1142 2569; baseline -0.001 -19"><span class='ocrx_word' id='word_1_112' title='bbox 203 2485 281 2553; x_wconf 78' lang='lat' dir='ltr'>Plrt</span> <span class='ocrx_word' id='word_1_113' title='bbox 308 2490 382 2551; x_wconf 79' lang='lat'><strong>968.</strong></span> <span class='ocrx_word' id='word_1_114' title='bbox 406 2477 462 2566; x_wconf 73' lang='grc' dir='ltr'><strong><em>ἀφ’</em></strong></span> <span class='ocrx_word' id='word_1_115' title='bbox 487 2469 525 2546; x_wconf 82' lang='grc' dir='ltr'><strong><em>οὗ</em></strong></span> <span class='ocrx_word' id='word_1_116' title='bbox 549 2477 607 2567; x_wconf 83' lang='grc' dir='ltr'><strong><em>γὰρ</em></strong></span> <span class='ocrx_word' id='word_1_117' title='bbox 633 2476 649 2545; x_wconf 82' lang='grc' dir='ltr'>ὁ</span> <span class='ocrx_word' id='word_1_118' title='bbox 675 2480 755 2555; x_wconf 82' lang='grc' dir='ltr'><strong><em>θεὸς</em></strong></span> <span class='ocrx_word' id='word_1_119' title='bbox 851 2480 968 2569; x_wconf 74' lang='grc' dir='ltr'><strong><em>ἤρξατο</em></strong></span> <span class='ocrx_word' id='word_1_120' title='bbox 993 2485 1142 2566; x_wconf 74' lang='grc' dir='ltr'><strong><em>βλέπειν.</em></strong></span> 
     </span>
     <span class='ocr_line' id='line_1_21' title="bbox 284 2577 1090 2677; baseline 0.001 -21"><span class='ocrx_word' id='word_1_121' title='bbox 284 2598 379 2656; x_wconf 90' lang='grc'><strong>1113.</strong></span> <span class='ocrx_word' id='word_1_122' title='bbox 404 2584 459 2673; x_wconf 78' lang='grc' dir='ltr'><strong><em>α’φ’</em></strong></span> <span class='ocrx_word' id='word_1_123' title='bbox 485 2577 524 2654; x_wconf 78' lang='grc' dir='ltr'><strong><em>οῦ</em></strong></span> <span class='ocrx_word' id='word_1_124' title='bbox 548 2586 607 2675; x_wconf 82' lang='grc' dir='ltr'><strong><em>γαρ</em></strong></span> <span class='ocrx_word' id='word_1_125' title='bbox 632 2589 739 2676; x_wconf 81' lang='grc' dir='ltr'><strong><em>ἤρξατ’</em></strong></span> <span class='ocrx_word' id='word_1_126' title='bbox 764 2589 798 2664; x_wconf 81' lang='grc' dir='ltr'><strong><em>ἐξ</em></strong></span> <span class='ocrx_word' id='word_1_127' title='bbox 819 2584 920 2677; x_wconf 73' lang='grc' dir='ltr'><strong><em>αρχῆς</em></strong></span> <span class='ocrx_word' id='word_1_128' title='bbox 943 2593 1090 2673; x_wconf 74' lang='grc' dir='ltr'><strong><em>βλέπειν.</em></strong></span> 
     </span>
     <span class='ocr_line' id='line_1_22' title="bbox 283 2684 1232 2785; baseline -0.002 -19"><span class='ocrx_word' id='word_1_129' title='bbox 283 2706 378 2766; x_wconf 89' lang='grc'><strong>1173.</strong></span> <span class='ocrx_word' id='word_1_130' title='bbox 402 2693 458 2780; x_wconf 74' lang='grc' dir='ltr'><strong><em>ἀφ’</em></strong></span> <span class='ocrx_word' id='word_1_131' title='bbox 483 2684 523 2762; x_wconf 77' lang='grc' dir='ltr'><strong><em>οῦ</em></strong></span> <span class='ocrx_word' id='word_1_132' title='bbox 547 2696 607 2781; x_wconf 80' lang='grc' dir='ltr'><strong><em>γὰρ</em></strong></span> <span class='ocrx_word' id='word_1_133' title='bbox 633 2693 650 2760; x_wconf 84' lang='grc' dir='ltr'>ὁ</span> <span class='ocrx_word' id='word_1_134' title='bbox 675 2700 917 2769; x_wconf 81' lang='grc' dir='ltr'><strong><em>Πλοῦτος</em></strong></span> <span class='ocrx_word' id='word_1_135' title='bbox 943 2696 1060 2785; x_wconf 72' lang='grc' dir='ltr'><strong><em>ἤρξατο</em></strong></span> <span class='ocrx_word' id='word_1_136' title='bbox 1085 2701 1232 2782; x_wconf 78' lang='grc' dir='ltr'><strong><em>βλέπειν.</em></strong></span> 
     </span>
     <span class='ocr_line' id='line_1_23' title="bbox 127 2806 1294 2895; baseline 0 -20"><span class='ocrx_word' id='word_1_137' title='bbox 127 2808 161 2895; x_wconf 87' lang='grc'><strong><em>3)</em></strong></span> <span class='ocrx_word' id='word_1_138' title='bbox 187 2810 309 2890; x_wconf 83' lang='lat' dir='ltr'>Motus,</span> <span class='ocrx_word' id='word_1_139' title='bbox 343 2806 398 2887; x_wconf 86' lang='lat' dir='ltr'><strong><em>qui</em></strong></span> <span class='ocrx_word' id='word_1_140' title='bbox 432 2827 452 2872; x_wconf 84' lang='lat' dir='ltr'>a</span> <span class='ocrx_word' id='word_1_141' title='bbox 480 2807 547 2872; x_wconf 87' lang='lat' dir='ltr'>loco</span> <span class='ocrx_word' id='word_1_142' title='bbox 577 2807 745 2889; x_wconf 84' lang='lat' dir='ltr'>superiore</span> <span class='ocrx_word' id='word_1_143' title='bbox 775 2812 866 2872; x_wconf 89' lang='lat' dir='ltr'>ortus</span> <span class='ocrx_word' id='word_1_144' title='bbox 897 2809 939 2871; x_wconf 86' lang='lat' dir='ltr'><strong><em>ad</em></strong></span> <span class='ocrx_word' id='word_1_145' title='bbox 966 2809 1072 2873; x_wconf 81' lang='lat' dir='ltr'>locum</span> <span class='ocrx_word' id='word_1_146' title='bbox 1102 2808 1294 2875; x_wconf 80' lang='lat' dir='ltr'>inferiorem·</span> 
     </span>
     <span class='ocr_line' id='line_1_24' title="bbox 185 2906 1095 2998; baseline 0 -17"><span class='ocrx_word' id='word_1_147' title='bbox 185 2915 352 2998; x_wconf 80' lang='lat' dir='ltr'>dirigitur,</span> <span class='ocrx_word' id='word_1_148' title='bbox 378 2914 620 2995; x_wconf 84' lang='lat' dir='ltr'>praepositione</span> <span class='ocrx_word' id='word_1_149' title='bbox 644 2906 716 2978; x_wconf 83' lang='grc' dir='ltr'><strong><em>α’πό</em></strong></span> <span class='ocrx_word' id='word_1_150' title='bbox 737 2915 790 2981; x_wconf 88' lang='lat' dir='ltr'><strong><em>his</em></strong></span> <span class='ocrx_word' id='word_1_151' title='bbox 814 2915 893 2981; x_wconf 90' lang='lat' dir='ltr'>loois</span> <span class='ocrx_word' id='word_1_152' title='bbox 916 2915 1095 2981; x_wconf 81' lang='lat' dir='ltr'>indicatur:</span> 
     </span>
     <span class='ocr_line' id='line_1_25' title="bbox 191 3016 844 3101; baseline -0.003 -13"><span class='ocrx_word' id='word_1_153' title='bbox 191 3023 274 3089; x_wconf 86' lang='lat' dir='ltr'><strong><em>th.</em></strong></span> <span class='ocrx_word' id='word_1_154' title='bbox 299 3028 373 3087; x_wconf 90' lang='grc'><strong>262.</strong></span> <span class='ocrx_word' id='word_1_155' title='bbox 396 3025 466 3084; x_wconf 66' lang='grc' dir='ltr'><strong><em>θεοῦ</em></strong></span> <span class='ocrx_word' id='word_1_156' title='bbox 489 3024 523 3100; x_wconf 83' lang='grc' dir='ltr'><strong><em>μ’</em></strong></span> <span class='ocrx_word' id='word_1_157' title='bbox 547 3016 617 3085; x_wconf 81' lang='grc' dir='ltr'><strong><em>οἷπὸ</em></strong></span> <span class='ocrx_word' id='word_1_158' title='bbox 641 3026 702 3084; x_wconf 87' lang='grc' dir='ltr'><strong><em>τοῦ</em></strong></span> <span class='ocrx_word' id='word_1_159' title='bbox 725 3027 844 3101; x_wconf 81' lang='grc' dir='ltr'><strong><em>τέγους.</em></strong></span> 
     </span>
     <span class='ocr_line' id='line_1_26' title="bbox 305 3122 1209 3214; baseline 0.001 -21"><span class='ocrx_word' id='word_1_160' title='bbox 305 3135 378 3194; x_wconf 85' lang='grc'><strong>584.</strong></span> <span class='ocrx_word' id='word_1_161' title='bbox 403 3134 483 3212; x_wconf 87' lang='grc' dir='ltr'><strong><em>φέρε</em></strong></span> <span class='ocrx_word' id='word_1_162' title='bbox 509 3151 567 3191; x_wconf 89' lang='grc' dir='ltr'><strong><em>νυν</em></strong></span> <span class='ocrx_word' id='word_1_163' title='bbox 592 3122 659 3192; x_wconf 83' lang='grc' dir='ltr'><strong><em>ῦπὸ</em></strong></span> <span class='ocrx_word' id='word_1_164' title='bbox 684 3134 744 3192; x_wconf 90' lang='grc' dir='ltr'><strong><em>τοῦ</em></strong></span> <span class='ocrx_word' id='word_1_165' title='bbox 768 3127 909 3214; x_wconf 83' lang='grc' dir='ltr'><strong><em>κροὶνους</em></strong></span> <span class='ocrx_word' id='word_1_166' title='bbox 931 3154 991 3210; x_wconf 91' lang='grc' dir='ltr'><strong><em>μοι</em></strong></span> <span class='ocrx_word' id='word_1_167' title='bbox 1013 3127 1051 3194; x_wconf 86' lang='grc' dir='ltr'>τό</span> <span class='ocrx_word' id='word_1_168' title='bbox 1076 3127 1209 3210; x_wconf 85' lang='grc' dir='ltr'><strong><em>πτερόν.</em></strong></span> 
     </span>
     <span class='ocr_line' id='line_1_27' title="bbox 192 3229 1294 3319; baseline -0.007 -15"><span class='ocrx_word' id='word_1_169' title='bbox 192 3238 276 3318; x_wconf 81' lang='lat' dir='ltr'><strong>EqU.</strong></span> <span class='ocrx_word' id='word_1_170' title='bbox 290 3241 364 3302; x_wconf 88' lang='grc'><strong>312.</strong></span> <span class='ocrx_word' id='word_1_171' title='bbox 377 3229 466 3299; x_wconf 82' lang='grc' dir='ltr'><strong><em>κοῖπό</em></strong></span> <span class='ocrx_word' id='word_1_172' title='bbox 475 3240 539 3299; x_wconf 81' lang='grc' dir='ltr'><strong><em>τῶν</em></strong></span> <span class='ocrx_word' id='word_1_173' title='bbox 547 3241 678 3319; x_wconf 80' lang='grc' dir='ltr'><strong><em>πετρῶν</em></strong></span> <span class='ocrx_word' id='word_1_174' title='bbox 686 3235 818 3301; x_wconf 80' lang='grc' dir='ltr'><strong><em>ἄνωθεν</em></strong></span> <span class='ocrx_word' id='word_1_175' title='bbox 826 3233 901 3308; x_wconf 86' lang='grc' dir='ltr'><strong><em>τοῦς</em></strong></span> <span class='ocrx_word' id='word_1_176' title='bbox 909 3234 1030 3319; x_wconf 86' lang='grc' dir='ltr'><strong><em>φόρους</em></strong></span> <span class='ocrx_word' id='word_1_177' title='bbox 1039 3240 1294 3300; x_wconf 76' lang='grc' dir='ltr'><strong><em>θυννοσκοπῶν..</em></strong></span> 
     </span>
     <span class='ocr_line' id='line_1_28' title="bbox 138 3336 1195 3429; baseline -0.006 -19"><span class='ocrx_word' id='word_1_178' title='bbox 138 3388 145 3401; x_wconf 89' lang='lat'>·</span> <span class='ocrx_word' id='word_1_179' title='bbox 192 3346 278 3410; x_wconf 87' lang='lat' dir='ltr'>Nub.</span> <span class='ocrx_word' id='word_1_180' title='bbox 307 3350 379 3409; x_wconf 91' lang='grc'><strong>173.</strong></span> <span class='ocrx_word' id='word_1_181' title='bbox 403 3336 473 3407; x_wconf 80' lang='grc' dir='ltr'><strong><em>οἷπό</em></strong></span> <span class='ocrx_word' id='word_1_182' title='bbox 497 3345 552 3426; x_wconf 77' lang='grc' dir='ltr'><strong><em>τῆς</em></strong></span> <span class='ocrx_word' id='word_1_183' title='bbox 577 3339 700 3428; x_wconf 78' lang='grc' dir='ltr'><strong><em>ὀροφῆς</em></strong></span> <span class='ocrx_word' id='word_1_184' title='bbox 716 3396 723 3408; x_wconf 93' lang='grc'><strong>.</strong></span> <span class='ocrx_word' id='word_1_185' title='bbox 740 3396 771 3408; x_wconf 91' lang='grc'><strong><em>..</em></strong></span> <span class='ocrx_word' id='word_1_186' title='bbox 797 3341 957 3429; x_wconf 77' lang='grc' dir='ltr'><strong><em>γαλεώτης</em></strong></span> <span class='ocrx_word' id='word_1_187' title='bbox 980 3349 1163 3420; x_wconf 79' lang='grc' dir='ltr'><strong><em>κατέχεσεν.</em></strong></span> <span class='ocrx_word' id='word_1_188' title='bbox 1191 3384 1195 3390; x_wconf 92' lang='grc'>-</span> 
     </span>
     <span class='ocr_line' id='line_1_29' title="bbox 301 3443 1096 3533; baseline -0.008 -17"><span class='ocrx_word' id='word_1_189' title='bbox 301 3457 373 3516; x_wconf 89' lang='grc'><strong>226.</strong></span> <span class='ocrx_word' id='word_1_190' title='bbox 399 3443 469 3514; x_wconf 84' lang='grc' dir='ltr'><strong><em>οἷπό</em></strong></span> <span class='ocrx_word' id='word_1_191' title='bbox 493 3453 619 3533; x_wconf 84' lang='grc' dir='ltr'><strong><em>ταρροῦ</em></strong></span> <span class='ocrx_word' id='word_1_192' title='bbox 641 3447 717 3522; x_wconf 83' lang='grc' dir='ltr'><strong><em>τοῦς</em></strong></span> <span class='ocrx_word' id='word_1_193' title='bbox 740 3447 841 3521; x_wconf 76' lang='grc' dir='ltr'><strong><em>θεοὺς</em></strong></span> <span class='ocrx_word' id='word_1_194' title='bbox 865 3444 1096 3533; x_wconf 78' lang='grc' dir='ltr'><strong><em>ὑπερφρονεῖς,</em></strong></span> 
     </span>
     <span class='ocr_line' id='line_1_30' title="bbox 398 3549 813 3642; baseline -0.002 -21"><span class='ocrx_word' id='word_1_195' title='bbox 398 3552 470 3621; x_wconf 72' lang='grc' dir='ltr'><strong><em>ἀλλ’</em></strong></span> <span class='ocrx_word' id='word_1_196' title='bbox 496 3549 555 3619; x_wconf 85' lang='grc' dir='ltr'><strong><em>οῦκ</em></strong></span> <span class='ocrx_word' id='word_1_197' title='bbox 579 3549 647 3620; x_wconf 81' lang='grc' dir='ltr'><strong><em>α’πό</em></strong></span> <span class='ocrx_word' id='word_1_198' title='bbox 672 3560 727 3642; x_wconf 76' lang='grc' dir='ltr'><strong><em>τῆς</em></strong></span> <span class='ocrx_word' id='word_1_199' title='bbox 751 3559 813 3642; x_wconf 77' lang='grc' dir='ltr'><strong><em>γῆς.</em></strong></span> 
     </span>
     <span class='ocr_line' id='line_1_31' title="bbox 280 3658 791 3732; baseline -0.004 -1"><span class='ocrx_word' id='word_1_200' title='bbox 280 3672 375 3732; x_wconf 87' lang='grc'><strong>1273.</strong></span> <span class='ocrx_word' id='word_1_201' title='bbox 399 3658 459 3729; x_wconf 76' lang='grc' dir='ltr'><strong><em>ἄπ’</em></strong></span> <span class='ocrx_word' id='word_1_202' title='bbox 484 3661 562 3727; x_wconf 80' lang='grc' dir='ltr'><strong><em>ὅνοο</em></strong></span> <span class='ocrx_word' id='word_1_203' title='bbox 588 3660 791 3729; x_wconf 76' lang='grc' dir='ltr'><strong><em>καταπεσών.</em></strong></span> 
     </span>
     <span class='ocr_line' id='line_1_32' title="bbox 195 3760 943 3855; baseline -0.004 -17"><span class='ocrx_word' id='word_1_204' title='bbox 195 3760 295 3854; x_wconf 81' lang='lat' dir='ltr'>Vesp.</span> <span class='ocrx_word' id='word_1_205' title='bbox 323 3779 417 3839; x_wconf 90' lang='grc'><strong>1370.</strong></span> <span class='ocrx_word' id='word_1_206' title='bbox 441 3764 550 3855; x_wconf 78' lang='grc' dir='ltr'><strong><em>ὥσπερ</em></strong></span> <span class='ocrx_word' id='word_1_207' title='bbox 575 3766 644 3835; x_wconf 78' lang='grc' dir='ltr'><strong><em>α’πὸ</em></strong></span> <span class='ocrx_word' id='word_1_208' title='bbox 669 3768 797 3853; x_wconf 77' lang='grc' dir='ltr'><strong><em>ου’μβου</em></strong></span> <span class='ocrx_word' id='word_1_209' title='bbox 821 3767 943 3835; x_wconf 79' lang='grc' dir='ltr'><strong><em>πεσιόν.</em></strong></span> 
     </span>
     <span class='ocr_line' id='line_1_33' title="bbox 194 3872 1166 3963; baseline -0.003 -17"><span class='ocrx_word' id='word_1_210' title='bbox 194 3881 272 3948; x_wconf 83' lang='grc' dir='ltr'><strong><em>Ροο.</em></strong></span> <span class='ocrx_word' id='word_1_211' title='bbox 297 3887 374 3946; x_wconf 85' lang='grc'><strong>822.</strong></span> <span class='ocrx_word' id='word_1_212' title='bbox 398 3872 465 3944; x_wconf 76' lang='grc' dir='ltr'><strong><em>ἀπὸ</em></strong></span> <span class='ocrx_word' id='word_1_213' title='bbox 489 3872 655 3962; x_wconf 77' lang='grc' dir='ltr'><strong><em>τούρανοῦ</em></strong></span> <span class='ocrx_word' id='word_1_214' title='bbox 679 3882 840 3960; x_wconf 76' lang='grc' dir='ltr'><strong><em>φαίνεσθε</em></strong></span> <span class='ocrx_word' id='word_1_215' title='bbox 865 3874 1045 3963; x_wconf 79' lang='grc' dir='ltr'><strong><em>κακοήθεις</em></strong></span> <span class='ocrx_word' id='word_1_216' title='bbox 1067 3877 1166 3944; x_wconf 77' lang='grc' dir='ltr'><strong><em>πάνυ.</em></strong></span> 
     </span>
     <span class='ocr_line' id='line_1_34' title="bbox 195 3983 1170 4077; baseline -0.001 -20"><span class='ocrx_word' id='word_1_217' title='bbox 195 3993 255 4057; x_wconf 81' lang='lat' dir='ltr'><strong><em>Av.</em></strong></span> <span class='ocrx_word' id='word_1_218' title='bbox 281 3996 354 4057; x_wconf 86' lang='grc'><strong>674.</strong></span> <span class='ocrx_word' id='word_1_219' title='bbox 379 3983 625 4077; x_wconf 77' lang='grc' dir='ltr'><strong><em>(α’πολέψαντα)</em></strong></span> <span class='ocrx_word' id='word_1_220' title='bbox 650 3983 719 4055; x_wconf 78' lang='grc' dir='ltr'><strong><em>α’πό</em></strong></span> <span class='ocrx_word' id='word_1_221' title='bbox 743 3994 798 4074; x_wconf 81' lang='grc' dir='ltr'><strong><em>τῆς</em></strong></span> <span class='ocrx_word' id='word_1_222' title='bbox 822 3991 964 4071; x_wconf 82' lang='grc' dir='ltr'><strong><em>κεφαλῦς</em></strong></span> <span class='ocrx_word' id='word_1_223' title='bbox 987 3986 1024 4054; x_wconf 76' lang='lat' dir='ltr'><strong><em>ori</em></strong></span> <span class='ocrx_word' id='word_1_224' title='bbox 1048 3992 1170 4072; x_wconf 83' lang='grc' dir='ltr'><strong><em>λέμμα.</em></strong></span> 
     </span>
     <span class='ocr_line' id='line_1_35' title="bbox 282 4094 953 4184; baseline -0.009 -20"><span class='ocrx_word' id='word_1_225' title='bbox 282 4102 357 4164; x_wconf 85' lang='grc'><strong>840.</strong></span> <span class='ocrx_word' id='word_1_226' title='bbox 382 4094 541 4162; x_wconf 81' lang='grc' dir='ltr'><strong><em>καταπεσ’</em></strong></span> <span class='ocrx_word' id='word_1_227' title='bbox 565 4095 632 4163; x_wconf 78' lang='grc' dir='ltr'><strong><em>αἰπὰ</em></strong></span> <span class='ocrx_word' id='word_1_228' title='bbox 656 4102 712 4184; x_wconf 80' lang='grc' dir='ltr'><strong><em>τῆς</em></strong></span> <span class='ocrx_word' id='word_1_229' title='bbox 735 4098 901 4178; x_wconf 78' lang='grc' dir='ltr'><strong><em>κλίμακος,</em></strong></span> <span class='ocrx_word' id='word_1_230' title='bbox 950 4094 953 4102; x_wconf 87' lang='grc'><strong>’</strong></span> 
     </span>
     <span class='ocr_line' id='line_1_36' title="bbox 195 4200 1295 4294; baseline 0 -22"><span class='ocrx_word' id='word_1_231' title='bbox 195 4207 272 4290; x_wconf 83' lang='lat' dir='ltr'><strong>Lys.</strong></span> <span class='ocrx_word' id='word_1_232' title='bbox 298 4214 373 4272; x_wconf 85' lang='grc'><strong>679.</strong></span> <span class='ocrx_word' id='word_1_233' title='bbox 398 4202 435 4278; x_wconf 78' lang='grc' dir='ltr'><strong><em>ἃς</em></strong></span> <span class='ocrx_word' id='word_1_234' title='bbox 460 4211 580 4271; x_wconf 87' lang='grc' dir='ltr'><strong><em>Μίκων</em></strong></span> <span class='ocrx_word' id='word_1_235' title='bbox 613 4205 733 4294; x_wconf 80' lang='grc' dir='ltr'><strong><em>ἔγραφ’</em></strong></span> <span class='ocrx_word' id='word_1_236' title='bbox 764 4200 819 4290; x_wconf 84' lang='grc' dir='ltr'><strong><em>α’φ’</em></strong></span> <span class='ocrx_word' id='word_1_237' title='bbox 851 4207 966 4271; x_wconf 81' lang='grc' dir='ltr'><strong><em>ἵππων</em></strong></span> <span class='ocrx_word' id='word_1_238' title='bbox 998 4214 1189 4289; x_wconf 83' lang='grc' dir='ltr'><strong><em>μαχομένας</em></strong></span> <span class='ocrx_word' id='word_1_239' title='bbox 1220 4215 1295 4280; x_wconf 81' lang='grc' dir='ltr'><strong><em>τοῖς</em></strong></span> 
     </span>
     <span class='ocr_line' id='line_1_37' title="bbox 1070 4311 1243 4399; baseline 0.006 -20"><span class='ocrx_word' id='word_1_240' title='bbox 1070 4311 1243 4399; x_wconf 76' lang='grc' dir='ltr'><strong><em>α’νδρέσιν.</em></strong></span> 
     </span>
     <span class='ocr_line' id='line_1_38' title="bbox 269 4415 1293 4508; baseline -0.002 -21"><span class='ocrx_word' id='word_1_241' title='bbox 269 4428 363 4488; x_wconf 84' lang='grc'><strong>1083.</strong></span> <span class='ocrx_word' id='word_1_242' title='bbox 380 4418 502 4505; x_wconf 81' lang='grc' dir='ltr'><strong><em>ἄνδρας</em></strong></span> <span class='ocrx_word' id='word_1_243' title='bbox 510 4415 579 4485; x_wconf 81' lang='grc' dir='ltr'><strong><em>α’πὸ</em></strong></span> <span class='ocrx_word' id='word_1_244' title='bbox 587 4427 651 4486; x_wconf 84' lang='grc' dir='ltr'><strong><em>τῶν</em></strong></span> <span class='ocrx_word' id='word_1_245' title='bbox 661 4420 995 4508; x_wconf 78' lang='grc' dir='ltr'><strong><em>γαστέρων(θαίμάτί</em></strong></span> <span class='ocrx_word' id='word_1_246' title='bbox 1003 4415 1293 4504; x_wconf 73' lang='grc' dir='ltr'><strong><em>ἀποστέλλοντας).</em></strong></span> 
     </span>
    </p>
   </div>
   <div class='ocr_carea' id='block_1_3' title="bbox 0 0 1426 4854">
    <p class='ocr_par' dir='ltr' id='par_1_3' title="bbox 0 0 1426 4854">
     <span class='ocr_line' id='line_1_39' title="bbox 0 0 1426 4854; baseline 0 5"><span class='ocrx_word' id='word_1_247' title='bbox 0 0 1426 4854; x_wconf 95' lang='lat' dir='ltr'><strong><em> </em></strong></span> 
     </span>
    </p>
   </div>
  </div>
 </body>
</html>
