2924 4860
627 363 847 421 ...59-

240 555 325 635 Equ.
353 559 447 618 1039.
471 555 551 635 acci
574 549 746 631 σκύμνοισι
769 549 920 638 βεβηκώς.

241 663 316 727 Pac.
331 666 406 727 904.
421 661 499 741 περὶ
511 667 598 722 ταῖσι
611 651 893 743 κάμπαιςὴνίοχοι
906 654 1117 730 πεπτωκότες
1129 661 1325 736 (κείσονται).

242 787 319 868 LyS.
347 791 441 851 1073.
464 791 691 866 χοιροκομεῖον
715 786 792 866 περὶ
815 791 883 855 τοῖς
906 791 1059 869 μηροῖσιν
1083 781 1218 863 ἔχοντες.

240 893 323 960 Ran.
350 892 464 977 329.*)
488 888 648 955 τινάσσων
665 892 745 975 περὶ
770 893 864 974 κρατὶ
888 894 931 976 σῷ
955 888 1100 976 βρύοντα
1126 892 1325 976 (στέφανον).

703 1015 775 1103 §h

257 1125 361 1192 Semel
396 1127 477 1206 περί
506 1143 577 1190 cum
610 1125 673 1191 dat.
707 1144 770 1190 non
802 1126 902 1192 aliter
932 1145 970 1191 ac
1005 1145 1076 1192 cum
1106 1145 1178 1208 gen.
1207 1124 1327 1193 dicitur

132 1233 205 1320 (cf.
229 1252 299 1314 cap.
322 1233 356 1298 X
380 1230 398 1318 ξ
424 1232 476 1313 hl:

237 1341 320 1421 EqU.
346 1345 397 1405 27.
421 1335 510 1423 πλύν
534 1360 568 1418 γε
593 1340 673 1421 περὶ
697 1343 741 1422 τῷ
764 1340 898 1421 δέρματι
935 1340 1078 1421 (δέδοικα
1109 1341 1240 1402 τοντονῖ
1269 1336 1327 1403 τὸν

694 1441 825 1528 οἰωνόν)
852 1448 934 1527 (cuti
958 1448 1018 1512 hoc
1041 1466 1134 1513 omen
1159 1448 1282 1529 timeo).

635 1609 845 1618 ---

463 1730 555 1817 Cap.
580 1731 663 1815 ΧΗ.
709 1737 797 1818 Περί
819 1752 908 1800 cum
932 1751 1012 1800 acc.

703 1839 776 1927 §a

163 1956 169 1966 '
257 1947 363 2015 Sensu
387 1948 483 2012 locali
506 1951 587 2029 περι
610 1967 681 2013 cum
706 1968 770 2014 acc.
796 1954 836 2014 35
855 1949 933 2014 locis
956 1967 1014 2029 pro
1042 1949 1157 2031 „circa
1182 1949 1321 2015 circum“

138 2063 184 2124 et
207 2058 248 2124 de
270 2058 380 2138 quieto
405 2063 495 2122 statu
519 2066 553 2122 et
577 2058 617 2123 de
640 2064 729 2123 motu
754 2059 885 2124 dicitur:

241 2166 316 2230 Ach.
343 2171 394 2229 96.
419 2166 495 2245 περὶ
519 2161 626 2247 άκραν
650 2163 812 2245 κάμπτων
836 2161 1012 2227 νεώσοικον
1036 2165 1176 2246 βλέπεις.

343 2279 395 2337 97.
418 2268 541 2351 ἄσκωμ’
568 2268 652 2350 ἔχεις
675 2290 743 2334 που
768 2274 846 2354 περὶ
869 2269 926 2335 τὸν
950 2267 1129 2353 ὀφθαλμὸν
1153 2267 1249 2333 κάτω.

318 2386 395 2446 439.
419 2376 455 2442 τὸ
481 2380 630 2442 πιλίδιον
654 2381 733 2461 περὶ
756 2375 815 2463 τὴν
839 2376 985 2462 κεφαλὴν
1007 2375 1043 2441 τὸ
1069 2375 1210 2441 Μύσιον,

321 2493 394 2553 694.
421 2486 544 2568 γέροντ’
566 2482 728 2550 άπολέσαι
753 2482 875 2549 πολιὸν
895 2483 999 2568 ἄνδρα
1022 2487 1099 2567 περὶ
1125 2479 1324 2569 κλεψύδραν.

321 2600 395 2659 998.
422 2595 485 2655 παὶ
509 2590 646 2676 περὶτὰ
672 2596 787 2675 χορίον
811 2589 926 2676 ἐλᾷδας
949 2585 1042 2655 ἅπαν
1066 2589 1100 2655 ἓν
1125 2588 1242 2676 κύκλῳ.

300 2705 394 2767 1177.
422 2698 618 2779 λαμπάδιον
642 2703 720 2783 περὶ
743 2697 780 2762 τὸ
805 2697 937 2781 σφυρόν.
1139 2769 1143 2776 ,

301 2814 396 2874 1180.
421 2810 476 2870 καῖ
499 2811 554 2892 τῆς
579 2808 731 2891 κεφαλῆς,
745 2812 880 2886 κατέαγε
904 2809 983 2889 περὶ
1006 2807 1105 2870 λάθον
1128 2803 1246 2870 πεσών.

235 2915 318 2996 Equ.
342 2921 417 2980 402.
442 2913 466 2977 a}
488 2918 567 2998 περὶ
600 2912 697 2978 πάντ’
727 2911 784 2977 ἐπὶ
818 2917 902 2976 πᾶσί
935 2935 969 2977 τε
1000 2911 1172 2998 πράγμασι
1207 2914 1323 2998 (δωρο-

772 3019 917 3086 δόκοισιν
941 3017 993 3085 ἐπ’
1017 3018 1158 3085 ἄνθεσιν
1182 3020 1279 3104 ἵζων).

209 3197 237 3262 *l
257 3199 380 3252 nonnulli
392 3200 468 3253 codd.
488 3200 591 3269 (UAM)
609 3199 653 3253 hic
666 3200 796 3267 praebent
809 3187 894 3274 ἄμφω
914 3213 982 3266 quac
999 3199 1078 3252 lectio
1097 3197 1205 3252 defendi
1222 3198 1323 3266 nequit.

256 3287 325 3341 Nam
340 3288 536 3356 Aristophanes
555 3276 627 3364 ἀμφὶ
646 3304 705 3341 cunr
725 3287 849 3358 (genet)
868 3290 924 3342 dat.
938 3289 1044 3341 omnino
1063 3303 1117 3341 non
1136 3287 1216 3354 dixin
1234 3288 1324 3356 verba,

257 3393 326 3444 quae
343 3378 530 3432 inveniuntur:

308 3467 378 3522 Nub.
397 3470 459 3523 595.
480 3456 551 3544 άμφί
569 3490 626 3543 μοι,
647 3455 719 3536 ornias,
743 3467 821 3538 Φοῖβ’
842 3463 912 3527 άνοιξ
930 3467 977 3537 (sc.
996 3460 1142 3543 χύρενσον)

256 3571 288 3610 ex
307 3559 424 3611 carmine
444 3558 559 3624 quodam
578 3562 734 3611 constanter
753 3557 833 3625 dicto,
853 3573 904 3624 quo
924 3557 966 3611 dei
985 3557 1094 3610 aohoro
1107 3556 1140 3609 ad
1154 3555 1325 3610 saltationem

255 3645 417 3716 invitantur,
437 3649 536 3701 hausta
555 3662 612 3701 esse
631 3652 703 3701 recte
721 3646 799 3700 docet
817 3647 901 3700 Kock.
921 3647 957 3699 ad
973 3647 992 3702 1,
1011 3677 1044 3684 -
1063 3647 1154 3700 Etiam
1174 3634 1247 3721 άμφί
1265 3661 1325 3700 cnm

256 3751 311 3789 acc.
330 3737 418 3790 rarius
437 3739 564 3791 occurrit:

308 3827 375 3879 Ach.
396 3827 475 3881 1072.
496 3814 566 3903 άμμῖ
588 3820 786 3901 χαλκοφάλαρα
805 3820 918 3900 δώματα
936 3833 1039 3881 κτυπεῖ.

308 3916 371 3982 Lys.
392 3917 471 3970 1257.
491 3910 574 3977 πολύς
593 3916 618 3971 δ’
637 3903 709 3992 άμφί
727 3913 775 3976 τάς
794 3909 895 3987 γενύας
913 3903 1001 3991 άφρδς
1020 3911 1104 3986 ἤνσει.

309 4005 378 4058 Ran.
397 4005 459 4059 215.
488 3993 560 4080 άμφί
579 3999 713 4077 Νυσήιον.

255 4093 300 4146 Ad
317 4095 384 4147 Ach.
404 4095 475 4148 1062
500 4095 580 4148 schol.
601 4094 744 4149 annotavit
766 4088 968 4169 τραγικώτερον
993 4094 1068 4166 λέγει
1093 4100 1121 4147 et
1139 4093 1232 4160 Blayd.
1251 4096 1324 4146 recte

254 4182 370 4236 fortasse
395 4184 439 4236 hic
464 4183 563 4251 tragici
581 4183 694 4238 alicuius
718 4199 824 4238 versum
848 4183 905 4236 ludi
928 4182 1091 4250 suspicatur3
1120 4182 1271 4249 Lys.1257
1292 4196 1324 4234 ex

255 4272 410 4326 Archilochi
439 4272 601 4326 carminibus
626 4274 754 4326 haustum
782 4288 839 4326 esse
865 4273 946 4326 schol.
970 4272 1098 4340 tradidit;
1127 4272 1195 4325 Ran.
1215 4271 1268 4324 215
1295 4270 1324 4323 in

253 4361 361 4415 cantico
380 4367 478 4430 exstat,
498 4361 544 4414 ubi
564 4361 675 4416 (licendo
694 4363 763 4416 ratio
783 4362 929 4416 elatissima
948 4366 997 4415 cst.
