2842 4854
567 343 787 403 ...13-

97 538 221 617 optima
254 536 397 617 profecto
437 543 571 616 accepta
606 534 660 599 hic
687 533 777 599 locus
807 533 902 599 facile
928 553 998 598 cnm
1029 532 1076 598 eis
1108 533 1163 613 qui
1194 544 1271 598 ante

99 645 210 725 scripti
237 653 312 709 sunt
344 643 566 724 eontponitur;
591 640 754 705 indicatur
784 640 868 704 enirn
899 640 997 706 etiam
1032 640 1100 704 hic:
1131 639 1270 722 „exigno

100 758 194 830 atque
213 732 330 832 ‘fragili
355 749 395 813 in
420 747 632 813 fundamento
657 745 853 812 Graecorum
879 747 968 812 solus
993 747 1099 827 posita
1122 746 1202 811 est.“

645 957 717 1045 §a

199 1106 445 1172 Aduerbialitar
469 1103 704 1169 sumendum
728 1111 779 1169 est
795 1099 855 1166 ἐπί
877 1123 948 1168 curn
973 1122 1045 1185 gen.
1068 1103 1271 1168 substantivi

95 1213 254 1278 alicuius:

168 1337 268 1415 Vesp.
297 1340 392 1399 1517.
414 1325 456 1415 ἕῳ
480 1325 630 1417 ’ἡσυχίας

193 1442 279 1506 Eccl.
306 1447 377 1504 756.
401 1441 435 1505 τί
456 1440 521 1525 δῆτ’
546 1431 604 1503 ἐπὶ
626 1439 766 1517 στοίχου
790 1441 860 1505 στὶν
884 1431 997 1522 οὕτως

142 1548 250 1613 Etiam
263 1548 348 1613 Piut.
361 1553 434 1612 831.
448 1540 487 1618 ὥς
504 1542 542 1630 δὴ
559 1538 603 1608 ’π’
626 1538 786 1632 ἀληθείας
802 1542 840 1609 σὺ
863 1547 1099 1632 (διαρραγείης)

96 1655 266 1736 legendum
291 1673 361 1720 esse
384 1654 535 1720 existimo
560 1645 620 1716 ἐπί
634 1673 706 1719 curn
728 1673 800 1737 gen.
822 1674 880 1736 pro
897 1654 1106 1735 plurimorum
1124 1654 1268 1720 codicum

97 1762 258 1843 scriptura
267 1757 305 1846 δὴ
321 1753 368 1824 ’π’
378 1752 530 1846 α’ληθείη.
542 1762 605 1826 Pro
616 1761 771 1827 adverbio
784 1761 867 1827 enirn
879 1762 1111 1828 inGraecorum
1124 1762 1273 1827 oratione

93 1869 236 1949 pedestri
259 1864 318 1931 ἐπὶ
341 1887 412 1933 cum
444 1870 513 1933 solo
531 1868 599 1934 fere
623 1869 777 1951 genetivo
799 1869 942 1951 ponitur;
967 1876 1082 1950 poetae
1105 1869 1269 1934 interdum

91 1977 191 2041 etiam
208 1972 269 2038 ἐπί
283 1995 308 2041 c.
325 1975 391 2041 dat.
407 1975 467 2041 hoc
484 1994 581 2041 sensu
598 1987 773 2057 usurpaut;
797 1976 851 2058 (cf.
869 1973 921 2038 ἐπ’
938 1967 1098 2061 ἀληθείας
1114 1977 1204 2041 Dom.
1230 1977 1270 2041 de

91 2089 243 2164 001333,
267 2083 308 2149 de
331 2082 403 2149 faia.
419 2084 481 2164 leg.
500 2088 574 2164 384,
600 2083 635 2148 in
653 2083 729 2148 Mid.
744 2089 824 2165 5383
847 2084 924 2149 Luc.
950 2084 1071 2149 Herod.
1098 2090 1126 2148 6.
1149 2084 1268 2158 Jambl,

94 2191 259 2272 vit-.Pyth.
274 2196 330 2272 283
354 2191 466 2272 Polyb.
492 2191 517 2272 Ι,
543 2196 635 2271 34,6;
673 2193 763 2272 21,3;
788 2181 832 2252 ἕπ
857 2183 1001 2276 α’ληθείη
1025 2192 1147 2256 Aeson·
1165 2191 1270 2271 suppl,

95 2301 159 2361 608
184 2297 248 2377 (ed.
270 2296 433 2380 Kirchh.);
467 2298 600 2362 Theocr.
638 2303 690 2378 7‚4
721 2296 772 2380 [cf.
808 2299 907 2363 Henr.
928 2298 1037 2379 Steph.
1072 2298 1154 2362 thes,
1178 2299 1197 2362 l.
1221 2317 1268 2378 gr.

96 2404 123 2468 Ι.
146 2424 175 2484 p.
200 2408 286 2469 '1448
307 2417 341 2471 et
365 2405 427 2487 111,
456 2404 577 2488 1512]).
623 2406 672 2468 Ac
696 2405 780 2483 quod
804 2405 1056 2485 Aristophanem
1081 2405 1272 2486 pierumque

99 2517 251 2575 nontam
284 2522 450 2591 poetarum
474 2529 569 2592 quarn
605 2513 825 2592 prosaicorum
848 2512 1007 2577 rationem
1032 2513 1122 2592 sequi
1158 2520 1269 2578 notum

96 2621 155 2699 est,
180 2616 278 2682 etiarn
312 2616 364 2683 hic
387 2635 460 2682 eum
484 2626 598 2684 eontra
628 2619 719 2701 leges
742 2619 899 2683 orationis
934 2620 1060 2683 solutae
1083 2620 1270 2700 peccavisse

93 2742 184 2805 nego.
231 2724 408 2790 Praeterea
431 2724 587 2804 quomodo
612 2744 702 2791 error
736 2733 827 2790 ortus
856 2726 901 2790 sit
924 2725 1020 2790 facile
1054 2727 1269 2808 perspicitur:

92 2849 167 2895 nant
182 2831 267 2910 quod
285 2833 374 2897 vocis
390 2850 473 2912 quae
489 2833 637 2912 sequitur
652 2827 718 2918 (ου’)
737 2833 839 2914 prima
860 2833 973 2897 littera
997 2841 1047 2898 est
1063 2850 1089 2916 σ,
1116 2834 1271 2900 facillime

92 2937 163 3004 fieri
178 2939 295 3021 potuit,
320 2944 357 3003 ut
373 2939 499 3004 scribae
515 2941 717 3022 negligentia
732 2940 822 3006 uocis
845 2931 1004 3026 α’ληθείας
1019 2941 1131 3006 littera
1154 2942 1269 3006 ultima

93 3045 267 3111 excideret
312 3046 430 3126 Itaque
455 3055 568 3111 contra
584 3047 722 3126 optimos
746 3047 871 3112 codices
888 3048 1075 3128 recipienda
1099 3057 1148 3112 est
1172 3049 1269 3112 lectio

96 3151 293 3216 deteriorum
317 3152 462 3217 codicum
487 3151 540 3235 (ut
564 3154 644 3218 Mut.
669 3154 725 3237 Μ.)
750 3146 805 3216 ἐπ’
828 3146 995 3239 dictatae.

204 3276 265 3342 His
280 3277 360 3342 loeis
385 3272 445 3339 ἐπί
467 3295 492 3342 c.
510 3296 581 3359 gen.
599 3278 753 3360 occurrit3
778 3279 897 3344 iniuria
921 3298 998 3344 vero
1014 3285 1181 3358 acceptum
1206 3285 1267 3361 est,

90 3383 179 3464 quod
203 3385 363 3465 praebent
387 3382 484 3449 codd:

91 3490 455 3573 Frgnt.M.1loal,ro
492 3485 643 3573 (ἰχθύδια
672 3495 933 3572 βεβασανισμίυα
980 3484 1036 3553 ἐπ’
1059 3487 1269 3569 ἰχθυοπώλου

922 3596 975 3684 [Κ.
1000 3605 1078 3680 aen
1102 3600 1151 3664 Bl.
1177 3597 1267 3686 auct

97 3703 149 3769 ubi
171 3697 228 3767 ὕπ’
246 3699 458 3782 ἰχθυοπώλου
475 3723 547 3770 curn
561 3705 662 3771 Gaisf.
680 3707 856 3771 restituere
880 3724 944 3770 non
969 3706 1091 3771 dubito.
1115 3707 1196 3771 Nam
1215 3703 1267 3770 ἐπ’

91 3805 308 3890 ἰχθυοπώλου
332 3811 463 3877 defendi
495 3812 617 3893 nequit,
654 3814 738 3892 quod
774 3809 834 3875 ἐπί
855 3831 879 3877 c.
905 3831 976 3894 gen.
1000 3831 1157 3893 personae
1181 3815 1269 3896 apud

89 3918 359 3999 Aristophanem,
399 3924 437 3983 ut
479 3919 629 3999 exposui,
670 3919 710 3984 de
744 3928 888 4000 tempore
929 3919 1177 4002 intelligendum
1218 3929 1268 3986 est

89 4023 147 4107 (ct.
171 4021 190 4108 ἕ
213 4030 245 4105 4,
273 4023 316 4107 3.)

576 4239 788 4249 *-
