2842 4854
580 383 800 443 ...23-

312 573 522 672 ἐπὶᾶτοῖοδε
546 583 607 640 Av.
634 578 730 639 1602.

312 680 363 766 ἐφ’
388 673 466 788 (ᾔτεε
491 683 571 747 Ach.
591 687 664 746 722.
687 681 815 745 Thesm.
835 685 930 744 1162.
953 679 1041 744 Plut.
1060 681 1155 743 1000.
1182 683 1283 744 1114.

312 789 362 873 ἐφ’
387 790 488 853 οἱσινι
512 789 589 872 Lys
614 794 688 854 261.

432 1125 561 1212 Caput
585 1125 651 1193 111.
676 1118 753 1189 Ἐπί
774 1145 856 1192 oum.
881 1145 945 1193 aoo.

206 1256 287 1322 Cum
305 1254 491 1320 accusativo
512 1248 571 1315 ἐπί
592 1253 801 1334 praepositio,
826 1252 882 1317 ubi
906 1252 946 1317 do
969 1252 1038 1317 loco
1062 1252 1287 1334 intelligenda

97 1370 162 1447 est,
186 1364 222 1427 in
245 1360 433 1427 universum
457 1379 521 1440 quo
546 1360 619 1440 quis
642 1378 770 1425 cursum
796 1359 920 1442 dirigat
943 1359 1105 1441 exprimit.

652 1554 670 1641 ξ
696 1563 723 1622 1.

208 1685 255 1748 Ac
283 1681 422 1764 primum
455 1679 584 1761 quidem
614 1676 674 1743 ἐπί
706 1698 816 1761 praep.
851 1686 973 1744 motum
1008 1680 1041 1745 in
1078 1681 1282 1762 superficiem

104 1789 241 1857 alieuius
265 1789 314 1854 rei
338 1786 486 1854 converti
509 1787 561 1852 his
584 1788 664 1852 locis
688 1788 824 1852 indicat:

214 1897 297 1977 Equ.
324 1901 396 1960 169.
422 1890 615 1980 ἐπανάβηθι
639 1887 723 1958 κᾶπὶ
745 1886 884 1958 τούλεὸν
907 1896 988 1958 τοδί.

209 2007 294 2072 Nub.
321 2011 393 2073 147.
418 2001 474 2067 ἐπὶ
496 2001 557 2089 τὴν
581 1999 726 2088 κεφαλὴν
750 2057 756 2070 ,
782 2052 789 2067 .
815 2056 821 2069 .
846 2052 854 2066 .
879 1996 1036 2090 α’φήλατο.

316 2117 389 2178 254.
415 2107 530 2184 κοῖθιζε
555 2165 561 2177 .
585 2164 593 2177 .
618 2159 625 2174 .
651 2107 708 2174 ἐπὶ
729 2108 789 2175 τὸν
813 2107 905 2195 ἱερὸν
929 2112 1107 2192 σκίμποδα.

318 2225 391 2285 279.
417 2210 603 2303 (ἀρθῶμεν)
629 2209 776 2302 κορυφὰς
800 2215 866 2285 ἔπι.

292 2332 388 2392 1487.
412 2320 580 2406 ἐπαναβὰς
603 2321 662 2389 ἐπὶ
685 2323 722 2389 τὸ
747 2321 1009 2410 φροντιστήριον.

213 2437 273 2501 AV.
296 2440 370 2499 559.
395 2428 618 2516 (ἐπιβάλλειν)
642 2435 791 2517 σφραγῖδ’
816 2485 822 2498 .
847 2482 854 2496 .
880 2487 886 2498 .
912 2484 917 2496 .
943 2430 1001 2496 ε’πὶ
1023 2429 1084 2497 rio
1111 2430 1234 2520 φωλέν.

219 2541 298 2607 Rau.
324 2548 396 2607 130.
420 2536 545 2624 οἷναβολς
568 2537 627 2604 ἐπὶ
649 2537 708 2604 τὸν
731 2538 868 2625 πύργον.

307 2653 381 2714 666.
406 2644 465 2711 ἐπὶ
487 2645 547 2734 τὴν
572 2644 723 2733 κατήλιφ’
747 2698 755 2714 .
780 2702 786 2713 .
811 2700 818 2713 .
843 2641 1107 2735 α’νεπηδήσαμεν.

308 2762 381 2821 682.
406 2747 465 2819 ἐπὶ
488 2753 658 2839 βάρβαρον
683 2754 819 2842 ἑζομένη
842 2757 995 2820 πέταλον.

211 2863 298 2929 Εοαλ.
322 2869 396 2928 882.
421 2863 507 2947 δεῦρ’
531 2861 571 2926 ἴτ’
596 2857 654 2926 ε’πὶ
676 2855 802 2943 τούμὸν
825 2860 929 2943 στόμα
954 2864 1127 2948 (Μοῦσαι).

211 2971 298 3037 Plut
323 2975 374 3034 69.
399 2964 538 3040 οἷναθεὶς
562 3023 568 3035 .
593 3022 599 3036 .
624 3022 630 3035 .
655 2963 712 3034 ἐπὶ
737 2966 888 3056 κρημνόν
911 2972 973 3035 τιν’
998 2963 1107 3037 αὐτόν.

212 3077 338 3159 Frgmt.
352 3077 394 3143 M.
412 3083 494 3141 1165
511 3078 564 3143 VI.
589 3071 647 3140 ἐπὶ
668 3074 801 3163 τοῦψον
825 3062 882 3162 ἧκε
900 3080 948 3162 (in
972 3078 1077 3144 forum
1102 3079 1279 3159 piscarium

874 3186 926 3268 [K.
952 3193 1025 3251 545.
1050 3188 1100 3251 131.
1131 3186 1233 3270 trop.

200 3291 245 3357 Μ.
261 3296 345 3358 1093
360 3293 398 3359 V.
423 3292 604 3375 (κοφίνους)
642 3290 724 3373 ἱμᾶν
757 3285 815 3356 ἐπὶ
850 3288 909 3356 τὸν
944 3299 1091 3375 κέραμον
1125 3293 1281 3378 (κέραμος

420 3401 476 3466 hio
498 3420 557 3481 pro
580 3405 671 3478 τέγος
695 3401 836 3481 positum
862 3410 924 3482 est3
954 3402 1006 3484 [K.
1033 3406 1105 3465 349.
1130 3401 1180 3466 Bl.
1207 3407 1279 3466 350.

555 3623 560 3631 ’
651 3596 723 3683 §a

203 3720 331 3788 Deinde
355 3713 415 3784 ἕπί
436 3740 506 3787 eam
531 3723 696 3803 signifieat
719 3741 784 3790 rem
810 3723 863 3788 vel
887 3741 1059 3804 personam
1083 3722 1215 3808 (usque)
1239 3723 1281 3789 ad

97 3846 197 3910 quam
221 3829 340 3909 aliquis
364 3829 475 3913 studet
498 3831 628 3911 venire;
651 3832 712 3895 hoo
736 3849 833 3896 sensu
857 3830 1054 3910 praepositio

208 3933 242 4019 a)
267 3938 489 4003 accusativum
514 3937 579 4002 rei
603 3938 667 4002 sibi
692 3938 810 4003 aseivit
834 3938 885 4002 his
909 3937 1007 4003 locis:

216 4044 296 4110 Aah.
321 4047 394 4109 865.
419 4046 648 4127 προσέπτονθ’
681 4041 713 4106 οἱ
744 4046 848 4114 κακῶς
876 4035 1106 4126 ἀπολούμενοι
1140 4036 1198 4109 ἐπὶ
1220 4039 1285 4130 τὴν·

1112 4149 1234 4238 θύραν.

322 4265 396 4325 988.
420 4251 531 4321 οὑτοσὶ
555 4251 770 4345 βέπτέρωταί
790 4261 816 4323 τ’
843 4252 901 4323 ἐπὶ
922 4256 960 4325 τὸ
985 4262 1134 4326 δεῖπνον.

301 4368 396 4431 1085.
421 4357 479 4428 ἐπὶ
503 4367 641 4430 δεῖπνον
665 4364 813 4451 (βάδιζε).
