2842 4854
603 347 824 407 „36-

444 535 572 620 Caput
595 535 642 599 V.
689 532 788 600 Μετά
812 555 883 601 oum
909 536 974 600 dat.

230 659 329 728 Μετά
352 682 424 729 oum
448 664 524 745 dat,
550 662 635 743 quod
651 662 781 727 omnino
805 661 978 727 aGraeois
1000 680 1063 726 oon
1087 661 1152 726 nisi
1167 660 1307 742 poetice·

123 771 253 848 dicitur,
265 771 512 851 Aristophanes
526 787 619 850 quem
634 769 863 850 prosaioorum‚
878 786 941 841 ooo
954 778 1123 849 poetarum
1134 768 1300 834 rationem

122 879 214 959 sequi
236 878 300 944 iam
326 878 475 959 diximus,
512 877 646 942 consilio
669 877 792 942 vitavit
814 895 852 941 ae
876 875 1002 940 duobus
1030 875 1123 940 modo
1160 875 1240 940 losio
1264 875 1301 941 iu

123 986 211 1050 chori
235 985 431 1051 carminibus
456 984 624 1049 adhibuit:

208 1095 271 1158 Av.
296 1095 369 1157 250.
393 1073 486 1154 (ὅντ’
511 1087 567 1153 ἐπὶ
590 1085 731 1152 πόντιον
766 1070 873 1169 ούδμα
898 1084 1061 1174 θαλάσσης
1095 1090 1185 1171 φῦλα
1223 1090 1300 1170 μετ’

877 1189 1072 1261 ἀλκυόνεσσι
1095 1198 1252 1262 ποτᾶται.

209 1307 285 1388 Lys.
315 1311 407 1372 1283.
431 1299 588 1388 (Νύσιον)
613 1297 754 1383 ὅςμετὰ
780 1300 931 1368 Μαινάσι
956 1301 1100 1384 Βάκχιος
1125 1301 1256 1384 ὄμμασι

435 1413 572 1477 δαίεται.

210 1520 287 1601 (Αν,
312 1526 385 1584 250.
409 1520 526 1584 alludit
542 1520 583 1584 ad
600 1519 767 1584 Alcmauis
788 1522 939 1585 verbum:
964 1511 998 1590 ὅς
1020 1519 1047 1582 τ’
1072 1514 1131 1581 ἐπὶ
1148 1515 1304 1599 κύματος

466 1622 571 1697 ἄνθος
594 1617 650 1706 ἅμ’
674 1617 868 1689 ἀλκυόνεσσι
892 1628 1047 1703 ποτᾶται,
1072 1625 1112 1692 cf.
1137 1627 1255 1707 schol.)

430 1927 559 2012 Caput
581 1928 647 1996 VI.
695 1926 796 1993 Μετά
817 1949 889 1995 cum
915 1949 979 1994 aco.

668 2053 686 2139 i
713 2061 740 2118 1·
834 2066 838 2076 '

224 2180 334 2245 Etiam
361 2198 431 2244 oum
449 2198 513 2244 aco.
538 2181 711 2244 coniuncta
734 2175 821 2259 μετά
841 2182 1041 2262 praepositio
1065 2181 1155 2261 apud
1171 2180 1291 2246 Aristo*

117 2288 256 2370 phanum
280 2305 350 2352 eam
367 2287 468 2351 solaro
493 2287 591 2352 habet
614 2285 891 2368 significationem,
917 2306 999 2368 quae
1015 2288 1186 2354 invenitur
1211 2287 1292 2370 apud

118 2395 290 2478 prosaicos.
338 2389 561 2469 Mardonia,
597 2413 669 2458 oum
705 2395 791 2475 apud
826 2403 939 2476 poetas
962 2395 1056 2460 reddi
1086 2397 1194 2475 possit
1231 2397 1296 2480 „ia

117 2503 213 2585 inter,
249 2501 301 2584 ad,
338 2501 492 2581 propter“
529 2503 581 2583 (oi.
618 2502 728 2583 Vigor.
752 2502 792 2567 de
822 2503 865 2567 id.
889 2504 908 2566 l.
933 2522 980 2583 gr.
1013 2522 1041 2583 p.
1078 2503 1169 2585 639),
1209 2503 1307 2586 apud.

295 2696 364 2751 Nub.
385 2697 443 2749 188.
463 2696 585 2768 ζητοῦσιν
605 2691 638 2752 τά
655 2693 724 2751 κατὰ
744 2696 795 2768 γῆς
813 2697 893 2765 (quae
912 2697 961 2750 sub
981 2704 1054 2752 terra
1072 2697 1156 2763 sunt).

294 2787 363 2840 Rau.
384 2785 460 2839 1529.
479 2787 609 2859 ύαίμονες
628 2781 740 2839 οἱκατὰ
759 2790 840 2856 γαιάς
858 2787 914 2854 (qui
934 2786 983 2840 sub
1003 2792 1076 2841 terra
1095 2791 1177 2850 sunt).

242 2876 269 2940 2)
283 2875 316 2929 Id
334 2874 404 2941 quod
422 2872 520 2939 aliquis
538 2879 620 2926 vorot
638 2868 772 2941 pernosci
791 2881 819 2927 et
836 2875 991 2942 genetivum
1010 2876 1158 2930 indicatur:

295 2965 362 3030 EqU.
381 2964 442 3017 660.
463 2961 495 3036 τῇ
504 2961 527 3016 δ’
535 2949 677 3036 Ἀγροτέρᾳ
686 2959 756 3017 κατὰ
765 2963 862 3034 χιλιῶν
869 2958 1011 3039 παρῄνεσα
1022 2953 1108 3036 εύχὴν
1118 2961 1297 3038 ποιήσασθαι

971 3048 1099 3129 χιμάρων
1119 3051 1262 3131 εἰσαύριον

224 3143 269 3197 ubi
288 3142 407 3195 Koekius
426 3141 506 3196 affert
525 3143 600 3197 Deru.
620 3157 659 3209 ep.
678 3141 707 3210 I;
726 3141 799 3197 Plut.
818 3157 883 3197 mor.
903 3143 981 3197 2941).

330 3231 415 3285 Simili
442 3231 519 3285 modo
548 3231 647 3284 dieitur
674 3226 779 3306 ύμνομι
796 3225 866 3286 κατά
885 3252 958 3291 τινος
984 3233 1089 3302 (iuvare
1113 3249 1161 3300 per
1180 3235 1315 3306 aliquid).

224 3322 366 3375 inversu:
595 3317 597 3324 ’

295 3411 363 3464 Ran.
382 3411 440 3464 101.
461 3412 550 3485 φρένα
570 3399 618 3465 ούκ
637 3409 787 3466 ἐθέλουσαν
807 3401 906 3486 άμύσαι
925 3399 991 3466 καθ’
1010 3412 1100 3486 ἱερῶν.

240 3501 268 3566 3)
288 3500 422 3566 Quattuor
440 3500 506 3553 loeis
523 3495 593 3555 κατά
612 3517 671 3554 oum
689 3518 751 3570 gen.
770 3517 899 3569 personae
919 3501 992 3554 ualet
1011 3503 1154 3569 „contra“:

293 3590 359 3656 Equ.
379 3590 439 3643 347.
459 3592 576 3644 άικὶύιον
597 3588 676 3651 εἶπας
696 3579 726 3647 εὖ
744 3586 813 3646 κατὰ
832 3592 909 3650 ξένου
928 3594 1064 3665 μετοίκου.
1150 3600 1153 3606 “

375 3680 436 3733 627.
458 3674 552 3754 ἤρειδε
569 3676 639 3734 κατὰ
658 3680 712 3735 τῶν
731 3682 842 3735 ἱππέων.

374 3769 434 3823 808.
453 3763 521 3822 κατά
542 3768 589 3821 σού
608 3763 656 3840 τὴν
676 3769 772 3841 ψῆφον
792 3764 916 3842 ἰχνεύων.

293 3857 363 3911 Nub.
383 3858 443 3911 782.
463 3846 552 3917 ούύεὶς
569 3859 627 3912 κατ’
647 3857 716 3932 ἐμοῦ
735 3859 885 3918 τεθνεῶτος
905 3854 1007 3919 εἰσάξει
1026 3863 1112 3933 δίκην.

240 3948 266 4014 4)
285 3947 345 4000 Non
363 3956 435 4000 recte
454 3962 512 4000 sese
531 3947 614 4001 habet
631 3943 713 4003 κατὰε

294 4036 357 4091 Pac.
376 4038 437 4089 241.
457 4029 471 4088 ὃ
492 4031 588 4102 δεινάς,
608 4029 622 4090 ὅ
642 4032 808 4111 ταλαύρινος,
824 4031 838 4092 ά
858 4034 927 4092 κατά
948 4047 1005 4094 τοῖν
1025 4043 1139 4095 σκελοῖν.

378 4126 438 4179 525.
459 4119 518 4179 οἷον
537 4125 566 4179 δὲ
586 4133 671 4190 πνεῖς,
692 4116 727 4185 ὦς
747 4118 796 4197 polo
814 4123 883 4181 κατὰ
897 4126 944 4197 τῆς
956 4132 1077 4203 καρδίαις.
1096 4130 1188 4199 (Dind.
1208 4137 1312 4190 vertit.

981 4218 1093 4285 „intimo
1111 4223 1260 4291 pectora“).

294 4304 399 4358 Thesm.
419 4305 464 4358 60.
484 4300 553 4359 κατὰ
572 4305 618 4360 τοῦ
636 4305 756 4379 θριγκοῦ
774 4306 891 4370 (Brunck
910 4307 972 4361 vult
990 4304 1035 4363 ύια
1053 4308 1101 4362 τοῦ
1120 4312 1257 4384 ύριγκοῦ).
