2842 4854
322 671 585 813 Scriptor
622 670 693 791 de
729 673 861 794 vita
898 711 1020 794 sua.

563 887 773 894 ——..—-

186 1015 293 1078 Natus
318 1031 388 1077 sum
413 1010 643 1090 Glienkeniae,
675 1010 710 1074 in
733 1011 805 1092 vico
829 1030 1001 1092 pomerano
1032 1013 1119 1078 haud
1143 1014 1254 1094 procul

80 1122 244 1188 aSedino
280 1121 353 1199 sito,
393 1126 440 1184 17.
465 1119 580 1183 diem.
605 1118 730 1197 Aprilis
764 1118 842 1183 anni
871 1120 899 1183 h.
924 1138 947 1184 s.
972 1120 1126 1185 LXVIII.
1161 1127 1255 1202 patro

80 1232 222 1311 Hugone
257 1234 360 1292 matre
396 1227 518 1291 Bertha
552 1243 570 1289 e
610 1231 709 1305 gente
744 1223 915 1291 Rohleder.
973 1227 1067 1292 Fidei
1103 1227 1254 1295 addictus

81 1355 152 1402 sum
177 1336 394 1416 evangelicae.
440 1333 641 1398 Litterarum
666 1332 852 1412 primordiis
876 1334 1018 1399 imbutus
1047 1336 1254 1417 gymnasium
1337 1324 1339 1328 ’

82 1443 361 1522 Groeningianum
387 1440 638 1524 Stargardiense
672 1439 737 1504 adii
773 1441 857 1520 quod
893 1448 961 1506 tum
986 1444 1046 1507 sub
1069 1442 1254 1507 Lothholzii

82 1551 239 1631 auspiciis
273 1551 417 1615 florebat.
475 1549 649 1628 Postquam
686 1547 801 1613 deinde
840 1549 1020 1628 complures
1055 1568 1113 1630 per
1151 1568 1254 1616 annos

82 1676 153 1723 cum
179 1657 594 1739 parentibusVindobonae
610 1656 759 1735 Gratiae,
784 1656 991 1738 Brombergii
1015 1665 1159 1723 moratus
1183 1676 1253 1723 sum
1308 1738 1315 1749 .

80 1766 191 1846 ibique
226 1765 406 1846 discipulus
434 1763 564 1830 scholae
599 1763 808 1843 evangelicae
831 1771 865 1828 et
889 1765 1052 1845 gymnasii
1076 1763 1132 1843 fui,
1169 1782 1253 1828 anno

81 1874 108 1936 h.
128 1894 150 1939 s.
176 1873 341 1939 LXXXII
365 1871 574 1953 Stargardias
598 1888 750 1935 reversus
772 1870 804 1934 in
830 1872 927 1959 huius
951 1872 1059 1951 oppidi
1084 1871 1253 1953 gymnasio

79 1983 281 2047 maturitatis
315 1981 501 2047 testimonio
533 1979 712 2045 instructus
744 1999 822 2045 sum.
870 1980 933 2046 Sex
957 1997 1084 2044 menses
1115 1979 1150 2043 in
1183 1979 1253 2043 uni·

79 2091 238 2154 versitate
262 2088 480 2166 Tubiugensi,
514 2086 630 2151 deinde
666 2087 729 2152 duo
764 2087 933 2152 semestria
957 2086 1102 2151 Berolini
1136 2085 1253 2150 studiis

79 2194 285 2274 philologieis
319 2211 446 2273 operam
473 2192 563 2272 dedi;
594 2199 751 2257 autumno
775 2195 852 2258 anni
876 2193 1071 2259 LXXXVII
1103 2194 1144 2258 ad
1169 2193 1254 2259 hano

80 2300 243 2364 illustrem
260 2301 435 2364 Halensem
460 2298 663 2378 disciplinam
689 2317 739 2364 me
756 2302 889 2380 contuli,
915 2320 979 2380 qua
1002 2301 1044 2365 ad
1068 2303 1128 2366 hoo
1152 2319 1253 2380 usque

80 2408 235 2486 temporiS
259 2406 324 2472 frui
350 2407 449 2471 licuit.
496 2408 686 2472 Doouerunt
709 2425 776 2471 me:

188 2514 408 2595 Schwabe,
447 2513 703 2594 Kirchhoff,
739 2515 921 2596 Vahlen,
956 2515 1096 2597 Diels,
1132 2516 1250 2597 Keil,

186 2621 521 2700 Dittenberger.
564 2622 725 2704 Hiller,
763 2642 793 2688 v.
831 2622 993 2703 ArnIm,
1033 2619 1267 2706 Schrbder,

186 2728 380 2806 Geldner,
405 2728 595 2793 Burdach
610 2729 778 2812 philologi,
801 2729 1053 2811 Pileiderer,
1072 2731 1249 2813 Paulson,

186 2836 446 2918 Vaihingor‚
486 2837 618 2919 Haym
658 2836 851 2918 philosophi,
890 2838 1160 2920 Heydemann
1200 2822 1250 2903 ar-¹

185 2946 395 3037 chaeologus,
431 2945 667 3010 Treitschke
706 2945 888 3009 historicus.
948 2945 1249 3011 Exercitationibus

185 3057 222 3112 ut
259 3051 453 3116 interessem
495 3053 721 3132 proseminarii
767 3052 954 3135 philologici
994 3053 1134 3132 benigne
1177 3071 1249 3117 con·

186 3162 356 3219 cesserunt
406 3156 647 3237 Kirchhoff,
699 3158 864 3235 Vahlen,
916 3159 1020 3238 Keil,
1073 3159 1249 3224 Ditten-

184 3265 339 3344 berger3
357 3262 522 3328 seminarii
539 3263 724 3346 philologici
741 3266 904 3347 particeps
921 3285 1010 3331 eram
1027 3267 1087 3330 sub
1105 3266 1248 3332 Hilleri

184 3368 348 3450 auspiciis.

187 3477 313 3559 Quibus
338 3476 487 3541 omnibus
510 3479 775 3558 praeceptoribus
799 3480 879 3545 meis
915 3481 1040 3560 gratias
1066 3500 1127 3563 ago
1152 3498 1247 3561 quam

77 3599 241 3648 maximas.
