2842 4854
535 365 754 424 -73-

145 555 229 622 Nub.
254 561 327 620 359.
351 549 453 638 φρόζε
477 552 561 637 πρὸς
584 549 675 635 ἡμᾶς.

250 668 326 728 518.
349 665 474 744 κατερῶ
498 657 581 741 πρὸς
606 656 687 741 ὑμᾶς
712 658 899 743 ἐλευθέροις.

230 774 326 834 1079.
348 765 418 830 τόδ’
443 764 588 850 οἷντερεῖς
611 763 695 852 πρὸς
718 761 828 832 αὐτόν.

231 881 326 941 1352.
349 875 455 954 λέγειν
478 870 560 957 πρὸς
582 870 640 937 ’τὸν
663 871 773 957 χορόν.

146 981 243 1063 Vesp.
268 987 321 1048 44.
345 976 542 1065 Ἀλκιβιόδης
564 973 640 1044 εἰπε
664 979 748 1060 πρός
771 1004 823 1062 με.

272 1094 323 1153 78.
346 1083 398 1151 ὁδί
422 1089 458 1151 δέ
480 1108 558 1171 φησι
582 1092 702 1160 Σωσίας
726 1084 808 1172 πρὸς
832 1086 1006 1173 Δερκύλον.

249 1201 321 1260 335.
347 1189 431 1278 πρὸς
455 1192 567 1265 εὔνους
591 1191 649 1278 γὰρ
672 1190 815 1280 φράσεις.

147 1302 222 1366 Pae.
248 1308 298 1368 67.
324 1298 443 1383 ἔφασκε
468 1297 528 1384 γάρ
552 1298 636 1384 πρὸς
660 1297 770 1370 αὐτόν.

224 1415 297 1475 539.
321 1403 406 1491 πρὸς
429 1401 569 1494 οἶλληλας
592 1411 748 1473 λαλοῦσιν
772 1410 805 1472 αἱ
829 1407 949 1481 πόλεις.

225 1521 297 1581 658.
322 1511 381 1577 οὐκ
406 1506 447 1578 όν
471 1514 560 1579 εἴποι
585 1512 669 1599 πρός
693 1539 726 1596 γε
750 1514 825 1588 τοὺς
849 1522 1038 1596 ίδεομένους.

224 1628 297 1688 660.
320 1619 406 1706 πρός
428 1624 463 1686 σὲ
487 1676 494 1691 .
519 1671 526 1686 .
552 1671 560 1686 .
586 1676 592 1690 .
617 1621 750 1688 εἰπάτω.

225 1736 297 1794 661.
323 1722 386 1812 εἶφ’
410 1723 461 1793 ὅτι
486 1739 570 1802 νοεῖς
592 1726 674 1814 πρὸς
698 1728 755 1812 ἔμ’.

110 1920 114 1925 Ι
142 1837 208 1902 AV.
233 1841 307 1902 336.
331 1833 414 1920 πρὸς
437 1838 499 1917 μὲν
524 1823 663 1900 οὖντὸν
688 1835 781 1921 ὄρνιν
805 1833 883 1923 ἡμῖν
908 1832 1038 1921 ἱὶσιερος
1060 1835 1160 1919 λόγος.

235 1950 308 2009 397.
333 1941 478 2029 φήσομεν
502 1942 585 2028 πρὸς
607 1940 683 2017 τούς
705 1943 911 2032 στρατηγούς.

235 2057 308 2116 594.
333 2047 417 2133 πρὸς
440 2048 499 2114 τὸν
523 2050 644 2132 μαίϊιν
668 2058 867 2136 κατεροῦσιν.

146 2159 224 2240 Lys.
251 2164 301 2222 95.
327 2155 476 2237 (μύσιδδέ
496 2164 562 2240 τοι)
587 2151 637 2222 ὅτι
660 2161 714 2246 λῇς
739 2163 820 2223 ποθ’
845 2156 920 2240 ἁμέ.

154 2318 158 2325 .
229 2271 301 2330 137.
325 2267 384 2327 τίν’
409 2258 506 2347 ὅρκοι·
531 2259 679 2348 ὁρκώσεις
702 2270 784 2330 ποθ’
809 2262 907 2351 ἡμᾶς

225 2378 301 2440 414.
324 2368 431 2454 ἕτερος
454 2374 491 2435 δέ
513 2395 559 2444 τις
583 2370 666 2455 πρὸς
690 2364 890 2453 σκυτοτόμον
913 2377 983 2438 ταδὶ
1008 2374 1102 2454 λέγει.

227 2486 299 2545 993.
324 2474 364 2551 ὡς
387 2476 470 2563 πρὸς
494 2477 601 2543 εἰδότα
624 2503 667 2561 με
690 2477 728 2544 σε)
754 2475 882 2567 ια’ληέλῆ
904 2483 985 2569 λέγε.
1026 2484 1028 2503 ¹

206 2593 302 2652 1076.
326 2590 360 2649 τί
382 2587 434 2650 δεῖ
454 2588 537 2650 ποθ’
562 2582 622 2668 όμὲ
645 2583 751 2651 πολλοὶ
776 2590 944 2668 μυσίδδειν
969 2585 1049 2674 ἕπη;

146 2694 275 2760 Thesm.
300 2699 374 2758 410.
398 2690 481 2776 πρὸς
506 2691 577 2765 τούς
601 2700 751 2778 γέροντας
774 2696 795 2779 (.
819 2746 827 2763 .
851 2749 857 2762 .
882 2697 1090 2779 διαβέβληκεν
1113 2716 1156 2762 sc.
1176 2694 1233 2767 τοὶς

1003 2804 1186 2888 μείρακας).

147 2908 231 2975 Rau.
259 2915 354 2974 1007.
380 2904 463 2992 πρὸς
486 2913 604 2972 τοῦτον
629 2912 680 2973 δεῖ
700 2911 733 2990 μ’
757 2906 948 2991 ἀντιλέγειν.

260 3020 353 3082 1307.
380 3018 486 3099 (δεῦρο
524 3019 635 3080 Μοῦσ’
669 3014 862 3102 Εὐριπίδου)
902 3015 984 3102 πρὸς
1019 3012 1125 3104 ηνπερ
1165 3015 1233 3081 έπι-

729 3123 841 3200 ιη’δεια
865 3126 954 3189 ταῦτ’
979 3124 1071 3210 ᾄδειν
1094 3126 1187 3208 μέλη.

148 3231 236 3295 Eccl.
263 3216 334 3295 163.
359 3226 443 3312 πρὸς
467 3239 618 3308 γυναῖκας
642 3228 752 3316 ηίόμην
776 3234 893 3312 λέγειν.

264 3343 337 3403 249.
361 3340 430 3407 πῶς
453 3331 597 3421 α’νιερείς
620 3334 700 3422 πρὸς
724 3335 824 3402 αὐτὸν
849 3336 885 3402 ἐν
907 3334 1099 3423 τήκκλησίᾳ;

148 3445 233 3511 Plut.
259 3451 332 3511 252.
355 3447 389 3508 τί
411 3440 471 3527 γάρ
495 3441 537 3507 ἄν
560 3467 609 3516 τις
633 3438 703 3524 οόχὶ
727 3440 810 3527 πρὸς
833 3448 866 3510 σὲ
889 3441 1018 3532 ια’ληθῆ
1044 3447 1143 3526 λέγοι;

149 3554 211 3618 Av.
237 3557 309 3617 315.
333 3555 408 3615 τίνα
430 3548 524 3631 λόγον
549 3605 555 3618 ,
581 3605 586 3616 .
612 3605 618 3618 ,
643 3600 650 3616 .
676 3549 760 3636 πρὸς
784 3551 843 3632 ἐμὲ
866 3606 873 3620 .
898 3604 904 3617 .
930 3600 938 3616 .
965 3549 1057 3632 ἔχωυ;

106 3679 137 3755 2)
163 3673 246 3758 πρός
270 3698 296 3743 α.
321 3697 384 3743 acc.
409 3677 508 3758 plur.
541 3679 802 3758 pronominum
837 3679 1232 3745 demonstrativorum

163 3778 375 3865 (πρόςιαῖια,
387 3778 468 3868 πρὸς
475 3780 566 3867 ια’δε)
580 3785 613 3849 id
627 3785 800 3867 significat,
815 3787 855 3850 ad
866 3786 949 3866 quod
962 3787 1034 3865 quis
1044 3786 1231 3867 respondet:

149 3910 229 3973 Ach.
256 3915 328 3973 701.
353 3906 434 3991 πρὸς
457 3905 536 3972 ια’δε
561 3912 607 3980 τίς
632 3904 763 3991 α’ντερεῖ
785 3914 963 3995 Μαρψίας

150 4015 231 4096 EqU.
258 4019 330 4080 622.
354 4013 435 4098 πρὸς
458 4014 543 4100 τόδ’,
569 4001 593 4078 ὦ
616 4017 770 4099 βέλτιστε,
797 4013 960 4101 θαρρήσας
982 4019 1063 4098 λέγε.

150 4124 233 4189 Nub.
261 4128 355 4188 1030.
379 4118 460 4206 πρὸς
485 4110 543 4186 οὖν
565 4120 639 4188 τόδ’
664 4126 676 4206 (
679 4174 766 4190 .....
779 4125 831 4188 δεῖ
851 4143 886 4187 σε
909 4127 1016 4205 λέγειν
1039 4150 1071 4189 ιι
1095 4122 1232 4209 καινόν).

151 4231 248 4311 Vesp.
274 4236 347 4295 793.
371 4223 388 4292 ό
412 4230 446 4293 δὲ
469 4235 502 4294 τί
523 4226 605 4315 πρὸς
627 4233 715 4294 ταῦτ’
742 4222 818 4312 εἴηῆ

143 4337 278 4403 ‘Thesm.
304 4342 376 4402 707.
400 4339 434 4399 τί
455 4338 484 4400 δ’
508 4328 551 4400 όν
575 4323 634 4400 οὖν
658 4337 751 4400 εἴποι
773 4333 854 4420 πρὸς
878 4336 981 4402 ταῦτα’
1002 4361 1066 4422 ιις;
