2842 4854
594 345 812 402 ..16-

120 533 173 600 Ex
196 534 274 599 Eur.
299 534 371 598 Hei.
395 533 468 614 (52)
492 540 654 614 sumptum
680 545 747 599 est:

209 641 335 706 Thesm.
361 645 434 704 864.
459 636 516 702 ἐπὶ
540 641 785 723 Σκαμανδρίαις
808 642 977 724 (ροαῖσιν),

120 767 161 814 ax
185 749 301 814 Aosoh.
327 747 444 828 Ooeph.
469 747 517 828 (4)

209 874 290 939 Rari.
328 878 418 937 1172.
454 868 580 953 τύμβου
616 874 643 936 δ
671 868 727 937 ἐπ’
754 870 846 961 ὄχθη
880 874 961 959 τῷδε
997 871 1141 959 κηρύσσω
1172 874 1281 953 πατρί
1289 919 1298 946 ,

120 999 160 1047 ex
183 981 299 1046 Aesoh.
323 980 487 1045 Thressis:

208 1089 290 1155 Ran.
321 1092 412 1153 1294.
435 1082 474 1150 νδ
500 1086 668 1166 συγκλινές
692 1081 746 1150 ἐπ’
770 1087 895 1154 Αἴαντι.

670 1268 743 1356 pa.

229 1395 267 1460 In
291 1395 424 1460 dubium
449 1404 599 1461 vocatum
624 1401 692 1460 est:

216 1503 293 1566 sch.
321 1505 414 1566 1158.
441 1495 474 1587 (ἡ
507 1494 715 1588 δἀλπτημένη
751 1519 794 1566 so.
825 1499 952 1579 τευθίς)
989 1499 1116 1572 σίζουσα
1144 1493 1302 1578 πάραλος

705 1604 764 1671 ἐπὶ
786 1606 928 1692 τραπέζῃ
952 1611 1088 1692 κειμένη
1114 1597 1253 1684 ὀκέλλοι,

119 1713 204 1796 quod
228 1715 308 1780 Rev.
346 1723 386 1782 et.
414 1717 571 1781 Vah-Pal.
608 1717 774 1796 praebent.
814 1714 925 1779 Eimsl.
959 1714 1041 1778 enim
1079 1712 1175 1776 Dind.
1201 1714 1300 1779 Mein.

119 1820 239 1887 suinae
275 1823 503 1888 auctoritatem
532 1823 636 1887 secuti
671 1823 740 1904 (qui
770 1822 821 1886 his
849 1820 998 1885 versibus
1030 1839 1059 1884 v.
1089 1819 1243 1889 τευθίδες
1265 1829 1298 1886 et

121 1923 228 2012 φεκδς
251 1929 362 1994 allatis
387 1924 445 1991 ἐπὶ
467 1928 628 2014 τραπέζης
657 1927 808 2011 tradidit)
841 1927 1037 1992 deteriorum
1068 1917 1292 1991 nonnullorum

120 2033 266 2099 oodioum
301 2036 510 2116 scripturam,
540 2030 600 2097 ἐπί
623 2054 648 2099 ο.
673 2053 756 2117 gen,
786 2042 985 2115 receperunt.
1034 2033 1097 2098 Sed
1127 2034 1212 2113 qnod
1238 2029 1289 2094 ἐπὶ

117 2140 260 2228 τραπέζῃ
285 2146 421 2226 κειμένη
436 2141 468 2224 *)
493 2143 538 2222 (in
563 2160 674 2206 mensa
697 2143 821 2218 iacens)
845 2160 887 2208 ne
911 2141 1075 2205 minimum
1101 2140 1232 2219 quidem
1253 2141 1288 2202 ah

118 2248 350 2327 Aristophanis
376 2267 435 2314 usa
461 2249 587 2314 dicendi
611 2251 744 2314 aberrat
761 2248 814 2330 (oi.
833 2249 919 2313 looos
935 2267 1003 2329 oap.
1021 2245 1089 2330 Hp
1110 2253 1137 2328 l,
1163 2246 1294 2328 allatos)

182 2423 209 2491 ¹⁸¹)
227 2425 398 2490 Schuetzius‚
425 2426 466 2479 oui
485 2427 599 2500 κειμένη
619 2431 647 2479 et
665 2413 770 2480 δκέλλοι
788 2426 859 2478 inter
878 2440 935 2478 sese
954 2424 1115 2477 videbantur
1133 2438 1298 2490 repugnare,

227 2515 303 2568 tmesi
331 2515 419 2582 posita
448 2531 501 2567 non
528 2523 560 2568 ut
585 2514 666 2584 vulgo
690 2514 774 2568 vertit
799 2514 954 2580 „inmensa
978 2513 1100 2580 iacens“,
1125 2512 1170 2564 sed
1189 2527 1302 2565 mensae

225 2602 383 2656 imminens“
410 2603 528 2680 τραπέζῃ
554 2601 720 2678 ἐπικειμένη.
758 2602 877 2656 Primam
903 2603 972 2656 enim
998 2617 1093 2656 navem
1120 2603 1193 2654 litori
1212 2603 1301 2657 immi-

226 2707 304 2760 nere,
328 2692 424 2746 deinde
443 2691 557 2759 appelli;
584 2692 689 2746 sichon
712 2692 769 2744 loro
794 2693 891 2758 piscem
916 2707 975 2744 enm
994 2692 1049 2744 sole
1068 2697 1169 2744 tostum
1189 2707 1301 2747 mensae

225 2779 407 2834 imminentem
433 2781 540 2835 tandem
565 2781 671 2848 appelli.
708 2779 757 2833 Sed
786 2781 851 2834 haeo
875 2782 1063 2846 interpretatio
1090 2789 1200 2847 propter
1219 2797 1301 2835 usum

226 2869 330 2923 dicendi
357 2870 385 2922 in
411 2869 600 2936 Aristophanis
624 2868 722 2922 fabulis
747 2869 918 2923 observatum
942 2869 1049 2922 minime
1071 2868 1216 2935 probabilis
1242 2877 1298 2938 est;

226 2974 288 3013 nam
311 2959 403 3014 tmesis
428 2959 534 3012 omnino
562 2958 649 3011 rarius
677 2958 722 3026 (14
751 2958 826 3016 loeis)
852 2958 923 3025 apud
942 2959 1150 3025 Aristophanem
1184 2959 1301 3014 inventa

225 3063 279 3102 non
292 3047 435 3102 adhibetur
454 3048 504 3101 nisi
524 3048 657 3114 porticulo
675 3047 788 3114 quadam
809 3048 858 3113 (δέ,
880 3041 942 3119 γάρ,
963 3035 1003 3108 αὖ,
1023 3067 1061 3107 τε,
1080 3035 1139 3112 οὖν)
1158 3047 1200 3100 vel
1219 3064 1300 3102 voca·

226 3135 287 3191 bulo
307 3136 510 3211 οοο1111οο1με,
530 3157 585 3193 σοι,
606 3137 647 3204 οε)
666 3136 824 3204 interposito
844 3138 889 3205 (ct.
910 3136 1017 3190 Baohm.
1037 3136 1082 3190 lih.
1104 3153 1125 3190 ο.
1145 3153 1170 3203 p.
1182 3122 1241 3190 ‘101
1263 3139 1299 3206 s.)

226 3226 296 3280 Huio
320 3226 372 3295 legi
398 3225 444 3292 qui
471 3225 578 3279 videtur
603 3240 753 3293 repugnare
772 3226 844 3279 locus
864 3240 906 3278 av.
926 3226 997 3279 1070
1015 3224 1046 3280 έν
1066 3233 1163 3293 φοναῖς
1186 3221 1299 3280 ὄλλυται

224 3315 282 3384 (sio.
302 3314 374 3385 Ald.)
403 3315 446 3369 val
471 3313 501 3369 έκ
529 3322 627 3382 φοναῖς
646 3309 753 3371 ὄλλυται
773 3316 830 3385 (sio.
849 3315 921 3370 Rois.
941 3315 1019 3368 Dind.
1040 3316 1118 3368 Mein.
1138 3315 1233 3382 Koch.)
1254 3331 1299 3368 eo·

226 3404 363 3458 nieoturae
393 3403 450 3475 [pro
479 3403 552 3458 codd.
582 3412 709 3471 φοναῖσιν
737 3404 845 3472 (omisso
873 3403 903 3459 έν
932 3404 974 3457 vei
1002 3401 1053 3474 ἐκ)]
1083 3404 1241 3458 tribuendas
1269 3411 1298 3459 et

226 3494 278 3546 alio
307 3493 384 3547 modo
414 3493 549 3547 sanandus
577 3503 619 3547 est
647 3492 773 3560 (fortasse
802 3494 969 3547 scribendum
989 3492 1038 3547 νῦν
1057 3502 1154 3560 φοναῖς
1172 3489 1296 3563 δλλυιαι;

226 3582 320 3636 deinde
348 3584 447 3651 optime
473 3582 593 3649 sequitur
618 3582 683 3658 τῇδε
705 3583 800 3657 μέντοι
825 3575 957 3656 θήμέρᾳ).
993 3582 1056 3635 Loci
1082 3583 1178 3648 quibus
1202 3585 1297 3638 tmesis

227 3670 298 3739 apud
317 3672 525 3740 Aristophanem
545 3670 689 3738 invenitur,
711 3672 736 3724 hi
756 3679 834 3725 sunt:

236 3777 302 3831 Aah.
322 3777 383 3831 295.
403 3771 472 3832 κατιί
492 3797 522 3833 σε
542 3771 677 3852 χώσομεν.
756 3777 825 3830 Nub.
846 3778 905 3829 792.
928 3780 1004 3831 1440.
1025 3764 1079 3831 απὸ
1099 3772 1153 3851 γὰρ
1172 3765 1297 3852 δλοδμαι.

203 3864 282 3933 Vesp.
301 3866 362 3919 437.
383 3865 412 3920 έν
432 3869 457 3922 τί
476 3887 517 3921 σοι
537 3861 700 3938 παγήσεται.
808 3866 888 3933 Vasp·
909 3865 969 3920 784.
989 3851 1042 3921 οἶνοί
1061 3873 1102 3921 τοί
1120 3887 1157 3939 με
1177 3871 1295 3934 πείθεις,

207 3956 257 4008 Av.
276 3954 337 4009 333.
358 3951 385 4015 ές
404 3952 433 4009 δὲ
454 3949 532 4010 δόλον
552 3950 672 4011 Andiros.
834 3959 884 4009 AV.
903 3956 963 4009 346.
984 3960 1048 4030 περί
1068 3977 1096 4011 τε
1115 3951 1258 4010 κύκλωσαι.

237 4062 299 4129 Lys.
320 4062 380 4117 262.
401 4058 469 4118 κατὰ
492 4063 546 4139 μὲν
572 4060 652 4135 ίίγιον
678 4062 754 4136 ἔχειν
781 4063 887 4136 βρέτας,
914 4057 984 4118 κατὰ
1003 4064 1025 4118 τ’
1046 4052 1197 4138 ἆκρίπολιν
1222 4059 1297 4137 ἐμίαν

119 4223 180 4291 Lys.
200 4224 385 4278 1280-1282.
406 4222 452 4279 ἐπὶ
485 4224 515 4279 dn'
541 4217 657 4279 κιίλοσον
674 4219 812 4297 Ἄρτεμιν,
843 4222 888 4279 ἐπὶ
919 4224 948 4279 δὲ
980 4228 1097 4300 δίδυμον
1127 4157 1297 4300 &paradeigma

904 4302 1010 4385 ’Tp‘cor¹
1030 4312 1076 4368 ἐπὶ
1096 4313 1125 4368 δὲ
1144 4307 1258 4368 Νύσιον.
