2842 4854
601 378 822 438 ...10-

123 570 202 633 Ach.
228 573 309 648 6063
338 560 375 631 ἕν
397 569 438 655 τῇ
461 568 627 647 Σαλαμῖνι
658 569 741 651 Equ.
768 577 848 651 7853
877 563 914 634 ἒν
939 563 1087 657 Ἀρκαδίᾳ
1111 576 1193 658 Equ.
1221 583 1297 656 7983

123 670 159 737 ἐν
182 671 324 757 Athones
352 676 448 756 Vesp.
479 682 558 756 1593
594 668 631 739 ἐν
662 674 804 761 Συβάρει
835 678 930 761 Vesp.
959 686 1058 763 14353
1088 675 1125 745 ἐν
1158 689 1301 768 Πειραιῖ
1338 713 1340 717 ⁴

124 783 197 847 Pac.
224 786 294 847 145.
315 789 389 863 rom
415 774 451 844 ἐν
473 781 679 872 Σαμινρσκη
703 786 777 851 Pae.
803 791 883 868 27⁷3
906 777 944 849 ἐν
968 779 1114 871 'opacae
1137 793 1197 855 hv.
1216 797 1296 872 3993

123 880 174 969 (ἐν
201 884 344 965 Πύλαις,
377 895 494 952 Πυθοῖ
522 893 597 973 Lys.
625 898 725 973 11313
754 884 791 954 ἕν
828 889 951 980 Κύπρῳ
983 896 1109 960 Thesm.
1130 903 1224 977 >4463
1259 889 1297 959 ἕν

126 998 232 1079 Τροίη
260 997 386 1062 Thesm.
416 1003 494 1078 90l3
521 990 557 1060 ἐν
581 1001 766 1077 Λίμναισιν
788 1001 870 1066 Ran.
895 995 1080 1085 2173201312
1104 1005 1297 1085 Μαραθῶνι

122 1110 284 1187 τροπαῖον
311 1104 435 1186 Frgmt.
460 1107 502 1170 ll.
533 1112 613 1170 1122
638 1106 719 1171 XIV
745 1107 797 1189 [K.
820 1114 902 1190 4133
926 1111 975 1175 Bl.
999 1110 1092 1193 401];
1120 1103 1156 1173 ἕν
1187 1112 1295 1174 Κλεω-

124 1218 195 1282 ναῖς
210 1212 335 1294 Frgmt.
353 1213 394 1277 hl.
413 1216 497 1277 1179
515 1213 574 1288 -X,
595 1211 647 1295 [Κ.
665 1216 746 1293 688;
770 1216 820 1279 Bl.
844 1216 954 1300 dolll:
990 1219 1129 1296 etiamsi,
1152 1220 1294 1301 inquam,

121 1320 172 1384 his
188 1319 268 1382 locis
285 1338 413 1399 semper
429 1329 527 1399 poeta
551 1311 588 1381 ἐν
612 1321 885 1400 praepositionem
909 1326 1054 1409 adhibet,
1080 1327 1113 1392 in
1137 1328 1296 1393 Thraciae

122 1436 229 1492 tamen
240 1428 543 1492 commemoratione
556 1446 619 1491 uno
633 1429 778 1507 exemplo
788 1443 922 1510 excepto
932 1443 1122 1500 constanter
1133 1437 1216 1502 dixit
1224 1429 1284 1498 ἐπί
1288 1459 1295 1498 :

238 1533 318 1597 th.
343 1539 416 1598 602.
442 1529 515 1613 τοὺς
537 1534 600 1612 μὲν
625 1525 680 1595 ἐπὶ
705 1531 839 1622 Θρᾴκης
861 1543 1162 1621 μισθοηοροῦντας.

223 1640 317 1720 Vesp.
344 1647 415 1705 288.
439 1643 503 1704 τῶν
527 1636 722 1725 προδόντων
746 1635 829 1705 τοῖπὶ
855 1640 998 1730 Θρηίκης.

239 1749 314 1813 Pac.
340 1751 413 1813 283.
437 1746 469 1818 ἒς
490 1741 571 1813 τάπὶ
598 1744 731 1834 Θρᾴκης
754 1754 865 1832 χωρία.

231 1859 291 1921 AV.
321 1861 412 1919 1369.
438 1851 483 1925 εἰς
505 1847 590 1918 crini
615 1853 747 1941 Θρᾴκης
770 1849 950 1920 οἷποπέτοο.

234 1963 311 2044 Itys,
339 1968 408 2026 103.
434 1955 469 2044 (ὁ
493 1965 571 2041 γοῦν
595 1954 674 2040 ἐμὸς
697 1954 795 2047 οἷνὴρ)
820 1960 960 2027 ἄπεστιν
984 1957 1043 2027 ἐπὶ
1069 1963 1210 2050 Θρηίκης.

228 2070 332 2136 Semel
355 2069 523 2135 invenitur
548 2060 598 2132 ἒνε

239 2179 316 2242 th.
344 2183 414 2242 136.
439 2172 561 2257 χρόνον
585 2176 647 2254 μὲν
671 2169 730 2240 οὐκ
755 2166 797 2241 α’ἱν
821 2158 904 2262 ἦμεν
928 2168 974 2260 ἕν,
1002 2175 1118 2267 Θρηίκη
1143 2176 1260 2244 πολύν.

226 2285 332 2349 Etiam
359 2283 494 2364 Polybio
519 2294 559 2348 et
583 2284 766 2366 Thucydidi
794 2285 984 2366 saepissime
1012 2286 1047 2351 in
1075 2305 1136 2352 usu
1160 2297 1211 2353 est
1235 2280 1294 2350 ἐπὶ

122 2388 254 2478 Θρᾴκης
281 2411 320 2456 ac
349 2391 379 2457 J.
405 2390 443 2455 G.
468 2390 651 2457 Schneider.
698 2393 818 2458 inlex.
850 2411 896 2474 gr.
924 2394 1011 2460 hunc
1040 2393 1166 2460 dicendi
1200 2414 1293 2460 usum

118 2503 167 2566 ito
190 2499 343 2581 explicat,
369 2507 405 2563 ut
429 2490 466 2561 ἕν
492 2493 608 2584 Θρηίκη
632 2499 678 2565 sit
699 2501 734 2566 in
752 2500 892 2565 Thracia
915 2501 996 2584 ipsa,
1022 2493 1079 2564 ἐπὶ
1105 2498 1237 2588 Θρηίκης
1260 2503 1297 2566 in

119 2608 278 2673 Thraciae
312 2607 442 2687 finibus
480 2607 565 2687 apud
597 2608 784 2689 Thraciam,
819 2607 906 2673 haud
943 2610 1055 2689 procul
1091 2629 1111 2672 a
1146 2611 1294 2674 Thracia.

118 2716 209 2800 Quae
226 2714 391 2780 distinctio
404 2715 635 2795 Aristophanis
652 2716 773 2780 tabulis
797 2733 930 2796 prorsus
955 2716 1172 2780 confirmatur.
1211 2717 1295 2780 Nam

119 2824 260 2904 quinque
283 2822 350 2887 illis
374 2822 466 2901 locis.
491 2823 613 2901 ¹quibus
636 2828 745 2886 exstat
769 2813 826 2883 ἐπὶ
851 2817 1001 2905 Θρᾴκης,
1031 2821 1071 2887 de
1095 2823 1294 2887 Graecorum

118 2930 253 2994 coloniis
286 2931 346 2994 sub
371 2928 512 2992 Thracia
536 2928 588 2993 vel
612 2927 699 3008 apud
722 2927 894 2992 Thraciam
919 2928 1007 3011 sitis,
1036 2929 1070 2993 in
1095 2947 1192 2995 versu
1217 2949 1293 2994 vero

118 3037 198 3102 th.
224 3043 286 3102 136
311 3036 351 3101 de
382 3035 521 3099 Thracia
553 3035 626 3115 ipsa
654 3054 673 3099 a
697 3035 846 3100 barbaris
877 3045 1035 3118 occupata
1064 3036 1195 3102 dicitur:
1227 3037 1294 3101 illis

118 3143 343 3226 expeditiones
359 3143 394 3206 in
417 3141 516 3206 maris
534 3142 658 3222 Aegaei
683 3159 772 3205 oram
796 3144 1095 3222 septentrionalem,
1119 3146 1294 3226 praecipue

119 3249 327 3332 Amphipolin
351 3257 384 3314 et
407 3249 441 3312 in
465 3248 605 3313 insulam
631 3247 837 3314 Chalcidicon
858 3247 969 3342 tactae
992 3259 1292 3334 commemorantur,

117 3360 177 3424 hoo
197 3356 373 3439 legationis
388 3356 430 3420 ad
447 3355 600 3421 Sitalcem
617 3355 819 3438 Odrysarum
840 3375 950 3440 regem
969 3358 1086 3423 missae
1110 3359 1231 3423 mentio
1247 3360 1293 3424 fit.

147 3458 149 3463 ’
224 3465 276 3529 Ex
312 3463 428 3529 Aesoh.
464 3463 576 3527 tabula
610 3481 695 3544 quae
729 3463 921 3545 inscribitur
954 3464 1102 3535 Γλαῦκος
1133 3460 1295 3536 Ποινιείς

117 3574 273 3638 haustum
296 3578 361 3635 est:

213 3679 295 3744 Ran.
324 3681 416 3742 1403.
441 3667 483 3758 ἒφ
508 3667 653 3760 ἅρματος
675 3672 736 3760 γὰρ
760 3674 861 3762 ἅρμα.

711 3843 738 3902 3.

224 3929 262 3993 ln
287 3927 437 3993 versibus
667 3835 685 3923 ἓ

210 4036 292 4116 Equ.
308 4039 401 4098 1311.
419 4024 458 4118 ἠν
472 4025 502 4096 d’
514 4024 635 4121 ἆρέδκη
647 4035 729 4097 ταῦτ
741 4024 933 4118 Ἀθηναίοις,
947 4036 1119 4121 καθῆσθαι
1132 4060 1191 4117 μοι
1204 4038 1301 4101 δοκεῖ

435 4136 481 4211 εἷς
492 4135 530 4203 τὸ
546 4142 687 4225 Θησεῖον
698 4135 877 4212 πλεούσαις
889 4130 908 4226 ἢ
921 4133 974 4204 ’πὶ
988 4144 1053 4205 τῶν
1064 4146 1191 4224 σεμνῶν
1205 4147 1295 4207 θεῶν
1363 4119 1367 4131 ’

117 4250 217 4314 verba
246 4239 305 4310 ἐπὶ
335 4248 399 4309 τῶν
429 4247 558 4326 σεμνῶν
585 4249 675 4310 Θεῶν
698 4248 762 4312 iam
787 4257 921 4330 propter
943 4250 1175 4332 Aristophanis
1199 4271 1293 4317 usum

117 4354 245 4421 dicendi
265 4355 313 4420 ita
336 4354 478 4436 intelligi
504 4372 568 4418 non
592 4360 738 4435 possunt,
769 4360 806 4418 ut
829 4354 896 4420 sint
920 4350 965 4426 εἰς
988 4352 1045 4426 τὰς
1068 4351 1189 4436 σεμνὰς
1212 4353 1298 4428 θεὰς

117 4463 171 4544 (ad
188 4462 389 4528 venerandas
405 4460 498 4545 deas)
519 4459 605 4542 quod
621 4460 726 4527 voluit
742 4460 801 4526 Th.
818 4461 945 4542 Burges
968 4461 1003 4526 in
1026 4465 1298 4531 annotationibus
