2842 4854
594 377 819 437 *26-

309 576 382 635 577.
406 559 470 649 εἶμ’
494 564 553 631 ἐπὶ
575 564 635 631 τὸν
658 560 789 632 Κλέων’.

311 684 384 742 656.
409 676 581 758 βαδιστέον
604 670 675 757 τᾶρ’
699 669 786 738 ἐστὶν
810 669 868 736 ἐπὶ
890 674 985 737 τονδὶ
1007 668 1120 737 πάλιν.

208 785 294 850 ΕοοΙ.
320 790 392 850 550.
417 778 533 864 (ἔτεκε)
558 777 609 863 ἐφ’
632 772 673 865 ἥν
690 772 869 866 ἐγῴχόμην.

317 897 392 956 616.
416 881 566 971 (πάντες)
590 886 679 951 ἴασιν
703 883 761 951 ἐπὶ
783 882 843 973 τὴν
867 880 1082 973 ὡραιοτάτην.

317 1004 390 1062 625.
414 993 471 1061 ἐπὶ
492 991 567 1066 τούς
591 994 626 1059 δὲ
649 990 767 1066 καλούς
789 996 993 1077 βαδιοῦνται.

318 1110 391 1170 899.
416 1100 465 1185 ἐφ’
491 1098 604 1185 ἕτερον
628 1098 670 1165 ἄν
693 1107 859 1168 πέτοιντο.

319 1217 392 1277 947.
418 1206 490 1294 (τὴν
514 1204 632 1293 καλὴν)
655 1203 709 1292 ἐφ’
733 1200 772 1294 ἥν
797 1205 949 1293 ἔρχομαι.

300 1324 396 1383 1080.
419 1320 488 1389 πῶς
512 1310 568 1379 ἐπ’
592 1311 722 1402 ἐκείνην
744 1311 805 1400 τὴν
829 1309 933 1397 καλὴν
957 1309 1131 1398 άφίξομαι;

206 1426 336 1509 Frgmt.
360 1426 402 1491 M.
427 1428 501 1490 997.
525 1425 589 1489 VII
623 1415 843 1487 άποτιλεοοτέ
867 1403 927 1485 οὖν
962 1419 1020 1486 ἐπὶ
1054 1419 1114 1486 τὸν
1149 1427 1308 1506 νυμφίον·

863 1527 918 1616 [K.
945 1532 1094 1612 1423131.
1121 1531 1208 1614 147].

353 1641 396 1706 M.
423 1645 507 1704 1139
524 1639 568 1704 Vl
585 1631 652 1722 ὥρα
669 1638 813 1720 βαδίζειν
829 1631 967 1718 μούστὶν
984 1633 1042 1700 ἐπὶ
1056 1633 1116 1701 τὸν
1134 1635 1302 1726 δεσπότην

864 1746 916 1829 [Κ.
940 1751 1020 1828 464;
1044 1746 1094 1811 131.
1118 1745 1209 1830 roal

121 1925 125 1937 ,
228 1856 323 1921 Addo
347 1856 445 1921 etiam

207 1963 289 2028 Ran.
317 1968 401 2027 1304
426 1957 599 2044 (ἐνεγκάτω
633 1981 682 2031 τις
704 1956 742 2023 τὸ
766 1955 896 2044 λύριον)
932 1964 1037 2024 καίτοι
1060 1963 1095 2024 τί
1118 1961 1171 2024 δεῖ
1198 1955 1298 2042 λύρας·

995 2063 1053 2131 ἐπὶ
1074 2068 1203 2148 τοῦτον;

225 2177 309 2242 Nam
344 2177 427 2241 hano
461 2177 578 2241 Veneti
613 2175 814 2256 aliorumque
850 2175 995 2241 codicum
1037 2175 1134 2260 (Rav.
1167 2173 1297 2242 librarii.

120 2302 230 2349 errore
256 2285 358 2349 habet
383 2278 578 2366 τούτοῦτον)
614 2283 809 2364 scripturam
834 2283 983 2366 defendo,
1021 2284 1105 2363 quod
1136 2283 1232 2348 facile
1255 2300 1295 2347 ex

120 2409 217 2457 versu
255 2391 311 2471 qui
346 2391 513 2457 antecedit
558 2386 721 2474 εἰςφέρειν
756 2392 809 2458 vel
849 2392 957 2457 simile
991 2392 1121 2471 aliquod
1159 2392 1297 2456 verbum

120 2498 265 2564 auditur:
289 2502 323 2560 τί
339 2497 392 2560 δεῖ
405 2492 511 2582 λύραν
524 2493 582 2561 ἐπὶ
597 2501 715 2563 τοῦτον
731 2493 910 2582 εἰσφέρειν;
933 2500 1072 2581 Bergkii
1088 2507 1122 2563 et
1138 2498 1299 2581 Kookii*)

120 2605 215 2671 leotio
251 2601 309 2668 ἐπὶ
347 2601 472 2668 τούτων
505 2605 568 2671 iam
601 2612 734 2686 propter
770 2605 1002 2687 Aristophanis
1038 2625 1131 2671 usum
1168 2606 1307 2671 dicendi

118 2712 284 2778 reicienda
308 2721 367 2796 est,
392 2712 432 2778 of.
456 2732 525 2796 oap.
548 2714 565 2778 I
588 2714 643 2777 ubi
667 2708 728 2775 ἐπί
749 2713 1022 2794 praepositionem
1046 2732 1117 2796 gen.
1153 2714 1201 2778 rei
1226 2733 1303 2779 eon-

120 2820 262 2885 iunotam
276 2821 362 2902 apud
374 2821 627 2900 Aristophanem
640 2837 767 2900 semper
778 2821 890 2884 valere
906 2820 960 2903 „in
979 2839 1103 2885 summa
1116 2821 1228 2899 aliqua
1241 2821 1308 2887 re“

119 2927 200 2993 satis
222 2927 408 2994 luculenter
431 2927 567 2994 ostendi.

671 3085 747 3172 §a

225 3197 393 3276 Ambigua
417 3203 494 3259 sunt
518 3213 601 3274 quae
624 3195 781 3276 leguntur

208 3303 291 3368 Ran.
334 3307 404 3366 197.
428 3295 541 3374 κάθιζ’
564 3295 621 3363 ἐπὶ
645 3297 771 3387 κώπην,

122 3410 176 3474 ubi
189 3410 319 3475 Charon
345 3409 449 3473 dicere
478 3410 552 3474 vult
580 3409 753 3492 „considas
788 3409 830 3474 ad
853 3410 1011 3494 remum“,
1035 3411 1184 3476 Bacchus
1220 3429 1305 3477 vero

120 3517 278 3599 intelligit
314 3516 485 3598 „considas
517 3516 550 3580 in
575 3517 629 3582 vel
653 3535 751 3598 super
773 3518 883 3583 remo“
907 3518 1106 3599 respondens
1141 3517 1175 3581 in
1199 3535 1306 3584 versu

125 3628 186 3688 199
209 3620 262 3696 ἵζω
286 3623 335 3685 ’πὶ
359 3618 484 3707 κώπην,
510 3623 760 3703 (α1,Βαα1]αι.1.
785 3614 809 3690 o.
833 3645 862 3706 p.
889 3624 945 3708 66)
970 3631 1068 3704 atque

210 3729 292 3795 Ran.
317 3732 391 3795 291.
413 3731 482 3792 ποῦ
505 3721 597 3814 ’στιν,
622 3734 693 3814 φέρ’
718 3723 773 3794 ἐπ’
797 3723 898 3816 αὐτὴν
923 3729 971 3806 ἴω,

122 3854 206 3916 quae
240 3837 341 3901 verba
374 3844 407 3901 et
452 3837 626 3919 „accedam
663 3839 704 3902 ad
741 3837 838 3904 eam“
874 3837 1062 3920 significant
1097 3843 1131 3902 et
1166 3856 1301 3905 sensum

123 3945 316 4008 obscoenum
342 3944 470 4009 habent.

674 4103 747 4191 §a

228 4214 404 4281 Intellecta
439 4214 658 4295 metaphorieo
690 4209 750 4277 ἐπί
780 4232 851 4280 oum
885 4217 999 4282 verbis
1039 4221 1162 4281 motum
1197 4214 1311 4298 signi·-

123 4322 334 4335 -ἣ

186 4355 211 4425 *)
231 4356 314 4410 Kock.
334 4356 543 4423 interpretatur:
561 4352 608 4411 εἰιὶ
626 4351 728 4413 τούτων
745 4356 763 4412 i.
782 4371 805 4412 e.
824 4355 878 4414 τῶν
897 4357 945 4414 τοῦ
956 4344 1109 4432 Εὖριπίάου
1131 4345 1268 4432 ᾀσμάτων.
