2924 4860
629 336 851 396 ..51-

707 526 779 614 γε.

258 635 385 702 Deinde
420 638 502 717 περί
538 635 737 717 praepositio
772 637 913 719 inditat,
954 637 1110 718 quomodo
1146 637 1264 719 aliquis
1299 637 1335 702 in

140 745 292 811 alterum
323 761 394 808 sese
421 749 527 824 gerat,
563 750 673 808 utrum
697 745 779 810 bene
802 764 843 810 an
868 746 963 821 male,
998 743 1102 811 amice
1125 765 1168 810 an
1190 745 1330 829 inimice,

139 853 239 917 inste
263 869 306 916 an
328 849 467 914 Iniuste:

240 958 321 1023 th.
347 960 421 1022 663.
445 957 526 1038 περὶ
548 951 608 1039 τὴν
631 953 732 1020 πόλιν
757 946 801 1018 δν
832 950 940 1039 ὥσπερ
968 954 1090 1030 ἐκεῖνος
1125 955 1248 1042 (δειλὸς
1276 962 1333 1022 καὶ

1020 1063 1286 1149 λακαταπύγων).

349 1177 422 1236 696.
446 1165 578 1250 α’γαθδν
603 1167 682 1232 ὄντα
705 1220 713 1237 .
738 1222 745 1235 .
770 1224 776 1235 .
802 1223 808 1235 .
832 1174 910 1256 περὶ
933 1169 993 1256 τὴν
1016 1171 1126 1239 πόλιν.

239 1280 323 1359 Equi.
346 1284 420 1343 764.
444 1279 524 1359 περὶ
536 1272 594 1340 τὸν
608 1279 713 1357 δῆμον
726 1273 965 1362 perureretur·
978 1286 1154 1364 γεγένημαι
1164 1282 1334 1362 βέλτιστος.

347 1391 421 1450 811.
445 1381 667 1468 (πεποιηκότα
692 1431 699 1447 .
725 1437 730 1449 .
757 1433 765 1448 .
790 1381 923 1468 χρηστοὶ)
949 1389 1029 1469 περὶ
1052 1383 1111 1471 τὴν
1134 1386 1243 1452 πόλιν.

329 1498 423 1557 1208.
448 1484 531 1576 α’νὴρ
556 1485 701 1571 α’μεένων
725 1493 804 1574 περὶ
827 1493 862 1555 σέ
886 1495 939 1555 καὶ
963 1488 1021 1577 τὴν
1046 1500 1191 1578 γαστέρα.

240 1601 370 1665 Thesm.
396 1605 470 1664 306.
494 1595 535 1662 τὰ
559 1599 708 1679 βέλτιστα
732 1601 809 1681 περὶ
833 1594 889 1661 τὸν
915 1601 1020 1680 δῆμον
1044 1596 1103 1664 τὸν
1127 1597 1314 1686 Ἀθηναίων.

238 1709 324 1774 Rau.
343 1712 424 1779 ¹458.
450 1702 577 1790 (εὐσεβῆ
599 1727 635 1769 τέ
660 1708 828 1792 διηγομεν)
861 1702 988 1790 τρόπον
1018 1711 1097 1791 περὶ
1127 1705 1203 1780 τοδς
1226 1712 1335 1783 ’ξένους

974 1817 1029 1877 καὶ
1053 1812 1128 1886 τοδς
1152 1813 1287 1888 ἰδιώτας.

238 1923 329 1989 Ρ111ῐ.
355 1926 428 1986 668.
453 1922 533 2003 περὶ
556 1918 613 1984 τδν
637 1923 742 2005 δῆμον
766 1922 819 1983 καὶ
844 1918 904 2005 τὴν
929 1917 1031 1985 πόλιν
1056 1920 1136 1985 εἰσὶν
1161 1925 1295 1987 δίκαιοι.

258 2030 455 2096 Constantar
494 2028 599 2110 igitur
633 2031 902 2113 Aristophanem,
943 2049 1013 2095 oum
1054 2031 1193 2112 aliquem
1233 2032 1334 2098 alicui

149 2139 264 2204 lavere
297 2137 352 2204 val
386 2154 422 2202 se
457 2136 652 2202 malevolum
684 2140 839 2216 praebere
871 2138 960 2220 dicit,
997 2156 1157 2218 usurpare
1184 2140 1333 2206 videmus

156 2245 426 2323 praepositionem
442 2246 530 2326 περί.
578 2243 681 2325 Quam
709 2246 747 2308 ob
772 2263 839 2309 rem
864 2245 1061 2310 deteriorum
1086 2246 1231 2310 codicum
1254 2250 1337 2330 περί

165 2347 297 2415 defendo
316 2351 413 2417 etiam
440 2351 475 2415 in
499 2351 664 2417 versibus:

247 2456 322 2538 qul.
347 2464 421 2522 831.
446 2453 651 2538 μιαρώτατος
676 2446 720 2518 ὢν
743 2460 818 2540 περὶ
843 2454 901 2520 τὸν
925 2459 1038 2541 δῆμον,

243 2564 323 2631 Nub.
349 2570 421 2629 994.
446 2566 526 2646 περὶ
549 2559 623 2634 τοὺς
647 2568 767 2627 σαυτοῦ
790 2570 902 2643 γονέας
925 2574 1139 2648 σκαιουργεῖν,

155 2671 208 2736 nbi
228 2674 360 2754 plurimi
385 2672 527 2738 editores
551 2689 721 2752 perperam
740 2683 945 2756 acceperunt,
972 2675 1057 2753 quod
1073 2678 1234 2756 praebent
1249 2675 1334 2742 Rav.

151 2779 264 2844 etalii
289 2780 417 2845 codices
441 2782 529 2864 (equ.
554 2783 631 2859 831)
656 2775 740 2862 πρός
764 2787 795 2845 et
821 2779 910 2863 (nub.
937 2785 1014 2859 994)
1038 2778 1140 2864 παρά.

634 2926 845 2934 ——----

448 3028 543 3114 Cap.
569 3029 672 3097 XIII.
720 3028 810 3115 Πρός
835 3050 925 3098 cum
950 3051 1036 3118 qen.

707 3139 725 3225 §
753 3148 779 3206 1.

257 3237 347 3325 Πρὸς
371 3263 442 3310 oum
466 3265 538 3327 gen.
563 3265 660 3312 seusu
686 3249 781 3314 looali
804 3249 893 3315 ualet
921 3248 1002 3330 „ad“
1030 3248 1081 3313 his
1104 3248 1211 3312 tribus
1234 3247 1332 3312 loeis:

239 3351 337 3430 Vesp.
365 3357 457 3416 1221.
483 3354 571 3424 ξένος
593 3375 642 3423 τις
665 3350 773 3435 ἕτερος
795 3351 877 3437 πρὸς
901 3355 1043 3438 κεφαλῆς
1067 3347 1251 3437 Ἀκέστορος.

364 3463 458 3522 1414.
483 3453 560 3520 'loos
585 3465 772 3546 κρεμαμένῃ
796 3457 880 3543 πρὸς
903 3462 1015 3523 ποδῶν
1038 3457 1230 3544 Εὐριπίδου.

240 3565 301 3630 Av.
328 3571 378 3629 66.
402 3567 457 3627 καὶ
488 3560 555 3644 μὴν
591 3564 674 3645 ἐμοῦ
707 3561 747 3629 τὰ
783 3562 865 3650 πρὸς
900 3570 1011 3631 ποδῶν
1046 3573 1141 3649 (quae
1177 3575 1255 3634 sunt
1289 3568 1332 3633 ad

739 3675 838 3756 pedes
862 3695 960 3759 meos,
992 3695 1067 3740 nam
1091 3675 1177 3753 λέγει
1202 3669 1241 3746 ὡς
1267 3670 1332 3738 ὑπὸ

739 3786 799 3845 τοῦ
823 3783 914 3852 δέους
938 3778 1116 3864 έναφεικιός
1138 3783 1274 3866 (schol).

257 3886 372 3952 Facile
403 3883 487 3972 πρός
521 3889 710 3955 restituitur
746 3891 951 3972 (auctoribus
983 3892 1107 3956 Par.B
1141 3898 1173 3956 et
1199 3890 1237 3974 O)
1272 3910 1332 3972 pro

150 3990 231 4058 Rau.
255 3993 337 4060 Van.
360 3994 500 4061 lectione
525 3991 643 4080 πρό.*)

239 4100 338 4182 vesp.
364 4106 459 4166 1236.
486 4104 614 4186 Θέωρος
638 4098 721 4185 πρὸς
743 4105 857 4167 ποδῶν
880 4108 1124 4184 κατακείμενος.

151 4205 364 4218 ——n——---

212 4239 239 4310 *)
258 4237 321 4316 πρό,
349 4241 396 4296 nbi
424 4243 547 4296 localiter
574 4243 782 4312 intelligendum
810 4250 859 4314 est,
889 4260 992 4314 semper
1016 4245 1090 4300 valet
1120 4261 1206 4315 „praa
1235 4247 1332 4300 ante“:

257 4332 325 4387 th.
344 4332 405 4386 235.
425 4326 535 4388 διώκειν
554 4332 610 4404 γῆν
628 4329 684 4407 πρὸ
705 4332 757 4405 γῆς
781 4333 826 4402 (cf.
846 4336 940 4391 Aesch
960 4335 1049 4389 Prom.
1068 4337 1119 4391 681
1145 4336 1185 4390 ed.
1204 4334 1332 4403 Kirohh.;
