2842 4854
503 1307 630 1393 Caput
655 1308 684 1375 1.
732 1301 809 1372 Ἐπί
830 1328 912 1376 oum.
936 1326 1009 1390 gen.

277 1436 533 1516 Aristophanes,
570 1454 641 1499 oum
677 1434 802 1500 duobus
836 1436 929 1500 modo
965 1434 1045 1499 locis
1074 1435 1348 1516 praepositionem

171 1539 257 1628 ὑπέρ
282 1560 379 1608 sensu
403 1539 539 1623 looali*)
564 1541 734 1608 adhibeat:

172 1654 249 1717 Aah.
274 1654 348 1716 318.
373 1655 446 1714 355.
470 1641 555 1732 ὖπὲρ
580 1640 735 1733 ἐπιξήνου
760 1650 878 1728 λέγειν.

382 1753 461 1839 (Av.
489 1761 574 1820 1338
599 1749 638 1826 ὥς
668 1749 905 1841 α’μποταθείην
929 1749 1015 1839 ὑπὲρ
1043 1748 1221 1840 οἷτρογέτου
1246 1758 1350 1837 γλαυ-

382 1863 441 1932 κᾶς
463 1881 504 1928 ex
527 1862 623 1943 Soph.
647 1863 810 1928 Oenomao
834 1869 999 1944 sumptum
1022 1863 1087 1948 est)

167 1969 225 2035 έπί
244 1971 488 2054 praepositione
505 1970 546 2034 ad
563 1970 667 2035 loonm
691 1970 940 2051 significandum
964 1971 1154 2051 saepissime
1178 1990 1257 2037 usus
1281 1977 1345 2037 ast:

165 2098 270 2161 neque
293 2097 372 2144 vero
395 2077 530 2142 adhibet
552 2078 637 2142 hane
660 2078 935 2158 praepositionem
966 2085 1004 2143 ut
1027 2079 1084 2143 alii
1107 2079 1283 2160 scriptores
1308 2079 1352 2145 de

167 2192 257 2251 motu
280 2191 314 2252 et
338 2185 379 2250 de
403 2184 513 2265 quieto
537 2193 643 2265 statu,
677 2185 735 2251 sed
760 2185 799 2249 de
823 2185 933 2264 quieto
958 2193 1048 2251 statu
1072 2186 1140 2250 solo
1164 2184 1218 2270 (of.
1243 2188 1352 2252 Beth--

114 2355 117 2361 .
168 2312 275 2358 mann.
300 2293 434 2358 eonieot.
466 2293 592 2357 observ.
621 2293 789 2373 Aristoph.
817 2310 901 2373 spec.
928 2292 945 2356 I
971 2293 1046 2358 diss.
1079 2292 1226 2375 Gotting.
1260 2300 1350 2359 1878-

171 2420 201 2481 n·
226 2400 292 2485 67)·
629 2446 631 2449 -
723 2485 783 2572 §l

276 2597 325 2661 Ao
346 2597 486 2678 primum
519 2595 647 2675 quidem
677 2592 735 2657 έπί
757 2616 866 2677 praep.
891 2615 964 2662 eum
988 2597 1113 2663 indicat
1145 2598 1249 2664 locum
1283 2617 1351 2679 qno

168 2703 247 2784 quid
271 2703 383 2784 aliqua
406 2721 442 2768 re
465 2704 625 2785 tangitur,
648 2704 727 2769 locis
752 2704 806 2784 qui
830 2712 1024 2785 sequuntur:

332 2809 364 2892 1)
396 2829 467 2874 oum
510 2811 621 2876 verbis
661 2811 816 2891 quietum.
846 2817 968 2877 statum
1011 2813 1270 2893 exprimentibus
1309 2819 1352 2879 nt

390 2921 533 2994 κεῖσθαι,
559 2920 741 3002 καθῆσθαι,
767 2909 863 3002 εἶναι,
889 2915 1081 2996 καθεύδειν,
1106 2916 1211 2983 οἰκεῖν
1235 2921 1330 2988 simil.

310 3025 391 3090 Aen.
418 3031 468 3090 70.
493 3021 534 3107 ἐφ
558 3019 762 3108 ἁρμαμαξῶν
791 3074 800 3091 .
825 3080 831 3092 .
858 3075 866 3090 .
891 3031 1135 3108 κατακείμενοι.

394 3139 467 3207 638.
492 3125 546 3196 ἐπ’
570 3129 680 3217 ἄκρων
702 3137 766 3197 τῶν
790 3136 950 3214 πυγιδίων
976 3130 1157 3221 ἐκάθησθε.

278 3238 361 3320 Equ.
388 3246 460 3305 754.
485 3236 543 3302 ἐπὶ
564 3241 700 3326 ταυτησὶ
723 3243 869 3326 καθῆται
892 3243 948 3328 τῆς
971 3248 1101 3327 πέτρας.

257 3347 341 3412 Nub.
368 3350 462 3412 1176.
487 3343 545 3410 ἐπὶ
567 3350 627 3411 τοῦ
649 3347 828 3433 προσώπου
852 3345 968 3413 τ’ἕστὶν
993 3342 1135 3413 Ἀττικὸν
1158 3349 1287 3430 βλέπος.

369 3460 464 3520 1431.
489 3447 575 3518 κᾶπὶ
598 3450 691 3528 ξύλου
715 3452 894 3528 καθεύδεις.

280 3563 378 3644 Vesp.
403 3569 455 3628 89.
480 3562 614 3647 (στένει)
628 3552 667 3648 ἢν
692 3558 739 3647 μὴ
752 3555 804 3625 ’πὶ
818 3565 878 3626 τοῦ
895 3559 1027 3646 πρώτου
1045 3561 1224 3650 καθέζηται
1240 3560 1350 3638 ξύλου.

387 3676 461 3736 808.
485 3662 592 3754 (α’μὶς)
616 3666 787 3755 κρεμήσετ’
813 3717 820 3733 .
845 3723 852 3736 .
876 3723 883 3735 .
908 3666 965 3733 ἐπὶ
987 3672 1048 3734 τοῦ
1070 3666 1251 3736 παττάλου.

298 3778 358 3842 AV.
384 3778 457 3843 294.
482 3772 540 3839 ἐπὶ
563 3766 673 3858 λόφων
697 3773 855 3841 οἰκοῦσιν.

382 3889 455 3949 510.
480 3879 624 3947 ἐπὶτῶν
647 3880 821 3967 σκήπτρων
845 3877 978 3970 ἐκάθητ’
1003 3881 1103 3969 ὄρνις.

384 3996 458 4060 742.
482 3987 631 4072 ἱζόμενος
653 3993 770 4072 μελίας
793 3987 851 4054 ἐπὶ
875 3988 1097 4074 φυλλοκόμου.

383 4104 456 4164 836.
481 4095 586 4162 οἰκεῖν
610 4097 667 4162 ἐπὶ
690 4102 830 4185 πετρῶν.

230 4276 257 4346 *)
276 4276 316 4330 De
342 4275 438 4329 ceteris
465 4276 621 4330 notionibus
648 4277 854 4344 praepositionis
881 4265 951 4354 ὖπὲρ
977 4276 1011 4333 oi.
1040 4277 1082 4330 ad.
1107 4292 1164 4344 cap.
1185 4276 1222 4344 X,
1242 4276 1257 4346 ἕ
1277 4281 1349 4345 Μ

276 4371 303 4420 et
322 4380 379 4433 cap.
397 4363 463 4418 XVI
481 4364 497 4432 ξ
515 4369 540 4420 4.
