2842 4854
648 363 871 427 ..80-

283 554 322 619 Iu
346 556 512 621 versibus:

263 663 343 726 Acb.
370 668 443 727 615.
468 648 516 733 οἷς
541 657 595 725 ὑπ’
620 660 746 744 ἐράνων
770 686 804 727 τε
829 669 885 729 και
909 673 1010 748 χρέων
1034 665 1151 752 πρώην
1175 691 1263 733 ποτε

467 763 613 841 ἅπαντες
649 770 758 845 ἐξίστω
797 771 968 860 παρῄνουν
1008 774 1037 837 οἱ
1074 775 1163 856 <pilot
1207 777 1363 864 (propter,

601 880 720 959 stipem
746 900 809 946 non
833 883 984 948 collatam
1008 890 1043 948 et
1065 902 1121 949 aes
1144 885 1314 967 alienum).

170 991 260 1051 recte
284 986 452 1051 Bentleius
488 993 521 1050 et
556 987 612 1051 alii
649 981 704 1049 ὑπ’
739 985 864 1071 ἐράνων
900 991 934 1068 (i.
958 1009 986 1056 e.
1022 984 1093 1053 ὑπό
1123 987 1263 1074 ἐράνων)
1301 1011 1354 1074 pro

171 1093 317 1158 codicum
336 1093 499 1174 scriptura
515 1086 600 1176 ὑπὲρ
617 1091 735 1174 ἐράνον
753 1096 885 1161 eschol.
902 1097 1112 1162 annotatione
1129 1099 1354 1165 restituerunt

172 1201 284 1281 Neque
311 1201 394 1265 enim
413 1210 522 1281 potest
540 1194 625 1283 ὑπὲρ
643 1203 728 1282 apud
745 1203 999 1284 Aristophanem
1017 1223 1145 1269 cansam
1164 1205 1350 1286 indicare.*)

172 1309 307 1391 (Reisig.
324 1308 462 1374 lectione
478 1302 535 1370 ὑπ’
552 1305 672 1392 ἐράνου
697 1319 831 1391 accepta
849 1304 905 1373 ὑπ’
931 1331 987 1393 pro
1005 1307 1090 1395 ὑπὲρ
1116 1313 1259 1394 positum
1284 1334 1350 1381 esse

169 1435 209 1481 ac
228 1415 400 1498 ,μνομλοιβα
421 1417 532 1482 ualere
556 1415 639 1481 falso
664 1419 840 1501 existimat,
866 1423 905 1483 cl.
920 1418 968 1484 cd.
986 1419 1089 1484 Bekk.
1106 1421 1148 1485 ad
1166 1422 1248 1486 Acb.
1266 1423 1349 1508 aab).

725 1577 798 1665 aa.

278 1685 384 1750 Semel
400 1679 470 1748 ὑπο
493 1687 532 1751 de
557 1705 635 1751 sono
660 1687 845 1766 adhibetur,
871 1693 907 1750 ut
931 1687 1056 1767 aliquid
1080 1688 1253 1754 accineute
1276 1692 1344 1754 tuba

169 1789 243 1856 fieri
269 1792 408 1858 dicatur:

259 1900 338 1965 Aah.
358 1906 451 1966 1001.
477 1903 590 1962 πίνειν
606 1895 671 1963 ὑπὸ
690 1903 728 1984 rip
743 1898 921 1980 σάλπιγγος
945 1902 1008 1985 (ad
1024 1904 1123 1967 tubae
1141 1904 1337 1985 clangorem).

725 2061 797 2147 §a

275 2170 315 2235 In
339 2189 452 2236 versu:

257 2278 384 2343 Thesm.
404 2282 499 2342 1029.
523 2273 562 2339 ον’
584 2284 728 2360 χοροῖσιν
745 2269 815 2339 οὐδ’
840 2270 884 2358 ὑφ
900 2271 1019 2360 ἡλίκων
1042 2278 1203 2339 νεανίδων
1227 2275 1334 2360 (ἕστηκ’,

832 2377 913 2463 qdr'd'
938 2382 974 2446 ἐν
998 2432 1005 2446 .
1030 2434 1036 2446 .
1063 2437 1068 2448 .
1092 2435 1099 2450 .
1126 2385 1300 2463 δεσμοῖσιν.

166 2482 235 2554 ὑπό
258 2493 299 2559 de
321 2495 505 2573 personis
530 2494 763 2559 comitantibus
788 2501 974 2573 usurpatur.

277 2599 340 2665 Sed
365 2621 448 2682 quae
473 2604 651 2682 lequuntur

256 2709 335 2773 aab.
362 2715 434 2774 970.
460 2708 572 2789 εἴσειμ’
597 2702 681 2770 ὑπαὶ
705 2701 877 2789 πτερύγοιν
901 2704 1017 2782 κιχλᾶν
1041 2705 1095 2766 καὶ
1120 2709 1275 2789 κοψίχων.

256 2816 318 2880 Av.
346 2821 439 2882 1426.
465 2811 549 2878 ὑπαὶ
572 2812 742 2898 πτερύγοιν
765 2816 800 2876 τι’
821 2812 1006 2895 προσκαλεῖ
1025 2800 1228 2894 σοφωτερονγ

166 2919 222 2983 ubi
245 2913 334 2985 ὗποί
355 2943 425 2989 cum
445 2943 518 3006 gen.
542 2924 600 2988 rei
625 2941 684 3003 pro
701 2915 787 3001 μετά
810 2920 952 3001 positum
977 2925 1039 2999 est,
1062 2927 1171 2983 enoto
1197 2919 1341 3009 quopiam

165 3028 293 3093 cantico
318 3034 480 3096 translata
504 3049 575 3096 esse
598 3034 632 3095 et
656 3028 754 3094 schol.
780 3026 918 3092 tradidit
941 3025 1106 3108 (μιμεῖται
1130 3025 1166 3088 δὲ
1181 3023 1220 3087 τὸ
1236 3025 1343 3106 μέλος)

165 3142 199 3197 et
222 3135 287 3200 iam
312 3147 445 3219 propter
468 3138 661 3203 inusitatam
686 3135 822 3200 formam
848 3135 1046 3216 tragicorum
1076 3133 1242 3214 propriam
1266 3127 1345 3196 ὑπαί

74 3265 77 3271 ·
164 3242 343 3310 verisimile
366 3254 425 3311 est.

229 3400 255 3469 *)
276 3403 315 3456 De
328 3397 394 3479 ὑπέρ
407 3405 608 3473 praepositione
627 3404 750 3458 localiter
769 3401 924 3469 accipienda
937 3401 991 3453 iam
1004 3399 1097 3466 dixip.
1110 3401 1147 3480 lp
1161 3399 1194 3452 de
1211 3399 1343 3454 locutione

273 3497 435 3567 πολεμίζειν,
465 3488 533 3564 ὑπέρ
552 3516 626 3554 τινος
644 3510 669 3548 v.
691 3509 759 3560 quae
779 3491 910 3546 annotavi
928 3489 963 3541 ad
982 3505 1039 3557 cap.
1058 3489 1083 3543 X
1101 3489 1116 3557 ἓ
1135 3489 1161 3556 3,
1180 3489 1206 3542 2.
1245 3490 1345 3544 ceteris

272 3581 346 3651 locis,
365 3584 411 3637 nbi
429 3578 499 3660 ὑπέρ
519 3590 617 3652 exstat,
639 3599 728 3650 praep.
748 3583 799 3636 hoc
817 3580 895 3634 modo
915 3583 1068 3646 usurpatur.

272 3673 299 3739 1)
326 3665 394 3749 ὑπέρ
414 3691 475 3728 oum
494 3674 583 3731 verbis
608 3673 713 3726 dicendi
738 3673 853 3738 aliquem
873 3686 887 3722 e
906 3685 934 3723 re
954 3668 1067 3723 aliamue
1091 3667 1173 3721 verba
1197 3667 1288 3722 facere
1306 3669 1345 3721 in·

324 3762 408 3817 dicat:
435 3765 501 3818 Aah.
523 3765 583 3819 316.
603 3763 664 3817 356.
686 3762 747 3816 369.
767 3762 833 3828 482;
859 3760 927 3825 Equ.
948 3758 1032 3824 101&
1050 3757 1130 3823 Vesp.
1151 3757 1218 3825 5703
1238 3757 1344 3814 Thesm.

324 3852 366 3907 91.
386 3855 447 3909 545.
467 3855 528 3907 649.
571 3852 709 3907 Eeandem
738 3849 964 3919 significationem
991 3846 1073 3900 habet
1098 3838 1167 3919 ὑπέρ
1196 3862 1255 3900 cum
1285 3846 1345 3900 aliis

324 3942 425 3996 verbis:
440 3943 521 4011 Vesp.
534 3945 618 4010 1118;
632 3942 695 3995 Pac.
706 3942 750 3995 93.
763 3941 828 4007 150;
848 3938 970 4006 Lys105
984 3936 1090 3989 Thesm.
1101 3936 1167 4002 542;
1183 3935 1252 3989 Rau.
1266 3936 1343 3990 1260.

270 4028 300 4094 2)
326 4021 394 4106 ὑπέρ
419 4033 545 4100 exprimit
570 4032 687 4098 aliquem
713 4030 770 4083 loco
795 4029 909 4082 alicuius
935 4025 1038 4092 aliquid
1056 4024 1157 4079 facere:
1186 4023 1256 4081 Nub.
1276 4025 1328 4080 839
1335 4046 1342 4092 ;

323 4118 403 4189 Vesp.
424 4123 510 4190 14193
529 4123 592 4191 Lye.
612 4122 681 4187 2103
702 4119 808 4173 Thesm.
830 4118 891 4171 752.

429 4204 525 4286 (Ὑπέρ
545 4228 605 4265 cum
625 4226 692 4263 acc.
729 4223 782 4261 uno
807 4207 864 4260 loco
889 4203 1006 4258 occurrit
1032 4218 1080 4270 pro
1106 4202 1192 4255 latino
1220 4205 1344 4271 „extra“:

323 4298 393 4354 Eccl.
414 4303 484 4355 1025
503 4293 573 4376 ὑπὲρ
592 4300 739 4375 μέδιμνον.
760 4327 792 4336 -
811 4297 880 4349 Ran.
903 4295 973 4348 1438
998 4292 1094 4346 Koch
1112 4282 1179 4364 ὑπέρ
1202 4291 1344 4346 delendum

323 4402 379 4442 esse
397 4390 575 4457 probabiliter
594 4387 734 4456 ostendit).
