2842 4854
657 363 878 423 ..30-

172 552 429 632 Aristophanem
454 553 505 618 hic
529 572 657 634 quoque
680 555 811 636 propius
835 555 876 620 ad
901 574 993 622 usnrn
1011 559 1232 639 prosaicorun
1257 578 1355 639 quarn

172 667 345 743 poetarum
369 662 523 726 accedere
547 660 668 726 docuit:
704 680 778 726 nam
802 657 888 741 μετιὶ
910 663 943 727 in
968 665 1039 730 eius
1063 664 1184 731 fabulis
1208 667 1356 749 octogies

172 767 357 849 quinquies
382 764 441 830 criu
456 769 504 833 bis
520 778 554 834 et
566 770 668 834 vicies
684 770 834 834 occurrit.
870 770 1071 852 Diligentius
1087 772 1191 853 igitur
1203 775 1356 840 notiones

170 877 431 958 praepositiones
466 871 553 956 μετα
583 878 847 943 examinantibus
887 879 984 943 simul
1018 899 1073 944 eos
1115 880 1199 944 locos
1235 882 1355 961 quibus

174 994 353 1065 usurpatur
375 1003 485 1067 praep.
508 979 568 1047 σύν
592 983 690 1050 affore
715 985 822 1051 liccat.

725 1145 743 1231 ξ
771 1150 796 1210 l.

280 1272 329 1335 Ac
364 1271 501 1350 primum
543 1270 670 1350 quidem
707 1281 846 1350 utraque
878 1273 1076 1353 praepositio
1119 1273 1265 1338 localiter
1312 1276 1353 1342 de

168 1377 381 1458 comitibus*)
407 1376 526 1442 dicitur
549 1377 709 1457 appositis
734 1378 844 1443 verbis
868 1379 1104 1444 intransitivis:

301 1504 334 1585 a)
357 1497 417 1564 σύν
442 1503 567 1568 duobus
594 1505 685 1568 lucis:

259 1629 336 1709 Lys
364 1632 458 1694 1143.
482 1621 649 1711 ἐλθώνδὲ
672 1621 731 1689 σύν
756 1621 926 1691 ὁπλίταισι
949 1629 1232 1711 τετρακισχιλίοις.

260 1735 344 1800 Ran.
377 1740 452 1800 444.
477 1728 537 1813 ἐγώ
561 1734 596 1797 δὲ
620 1729 679 1796 σὺν
701 1741 808 1798 ταῖσιν
832 1730 947 1820 κόραις
970 1727 1040 1815 εἶμι
1064 1737 1121 1797 καὶ
1144 1739 1304 1816 γυναιξίν.

299 1840 336 1924 b)
359 1837 445 1921 μετα
470 1844 504 1907 in
528 1844 687 1926 versibus,
714 1843 769 1923 qui
793 1855 991 1923 sequuntur:

259 1950 342 2014 Nub.
369 1955 463 2015 1006.
488 1941 699 2034 (αἰτσθρὲξει)
723 1945 806 2029 μετὰ
831 1945 996 2034 σώφρονος
1020 1943 1204 2034 ἡλικιώτου.

259 2057 355 2138 Vesp.
389 2063 462 2122 320.
486 2057 565 2136 μεο’
590 2050 682 2135 ὑμῶν
705 2052 813 2119 ἐλθὼν
836 2053 893 2119 ἐντὶ
916 2052 991 2127 τοὺς
1015 2058 1196 2128 καδίσκους.

387 2170 471 2229 602.
484 2166 651 2225 κοινωνῶν
674 2211 682 2229 .
706 2215 713 2228 .
737 2184 835 2228 ,τινι
858 2168 922 2226 τῶν
962 2164 1040 2243 μεθ’
1076 2158 1196 2227 εὰντσῦ
1225 2160 1334 2249 (ὄντων

1023 2272 1120 2338 facile
1144 2274 1301 2358 auditur.)

256 2385 320 2449 Av.
347 2385 441 2447 1428.
465 2378 548 2462 μετὰ
573 2384 637 2445 τῶν
662 2377 807 2465 γεράνων
831 2428 839 2444 .
865 2431 871 2446 .
897 2428 905 2443 .
930 2372 1102 2464 α’ναχωρεῑ.

345 2495 439 2554 1686.
464 2487 518 2553 ibt
542 2489 620 2570 μεθ’
645 2481 746 2574 ἡμῶν.

347 2603 438 2661 1692.
464 2587 574 2659 οἰκεῖ’
593 2598 671 2676 μεθ’
696 2589 804 2682 ripum

256 2705 333 2786 Lys.
359 2711 432 2769 544.
458 2699 543 2766 ἰέναι
567 2700 651 2783 μετὰ
674 2704 768 2767 τῶνδ’
792 2695 908 2788 α’ρετῆς
925 2699 1017 2782 ἕνεχ’.
1048 2715 1050 2719 ’

256 2811 493 2880 Βαα1196εἱ
515 2807 775 2900 κάστρατήγησέν
799 2834 834 2893 γε
858 2816 930 2894 μετ’
955 2806 1167 2899 Ἐρασινίδου.

255 2922 344 2987 Eccl.
371 2927 444 2986 543.
462 2918 586 3006 ᾤχοντο
610 2917 693 3001 μετὰ
719 2923 783 2986 σοῦ.

346 3033 440 3092 1066.
458 3035 571 3112 χωρεῖς
594 3024 677 3107 μετὰ
702 3025 828 3114 ταύτης.

345 3141 441 3200 1095.
465 3137 742 3215 ξανεισττεσοῦμαι
765 3132 826 3220 γὰρ
850 3132 933 3217 μετὰ
958 3138 1025 3199 σοῦ.

346 3249 441 3307 1143.
465 3241 521 3306 ἴτω
545 3245 624 3321 μεθ’
648 3237 747 3328 ἡμῶν.

260 3350 347 3414 Plut.
387 3356 437 3414 54.
462 3330 547 3434 ἦλθε
572 3345 655 3431 μετὰ
680 3356 754 3437 νῷν.

362 3464 436 3522 231.
455 3460 526 3537 μετ’
551 3455 634 3538 ἐμοῦ
658 3458 745 3542 δεῦρ’
770 3458 877 3523 εἴσιθ’.

362 3571 436 3629 823.
462 3561 546 3627 ἕπον
570 3568 640 3645 μετ’
665 3563 748 3644 ἐμοῦ
770 3561 962 3649 παιδάριον.

360 3676 434 3736 843.
459 3668 542 3751 μετὰ
567 3674 625 3733 σοῦ
648 3667 685 3734 τὸ
709 3667 893 3757 παιδάριον
917 3675 1009 3734 τουτί
1031 3672 1088 3754 (su.
1113 3669 1174 3754 ὄν).

272 3779 449 3843 Praeterea
463 3798 540 3843 vero
556 3775 656 3857 μετα
672 3798 743 3845 curn
758 3781 865 3845 verbis
883 3780 1113 3846 transitivis
1131 3780 1347 3864 coniungitur

163 3884 219 3949 his
243 3885 336 3950 locis:

153 4111 157 4117 .
226 4063 251 4131 *l
270 4063 368 4117 Tribus
386 4063 451 4116 locis
471 4062 562 4116 eodem
580 4078 659 4116 sensu
679 4061 822 4114 adhibetur
840 4063 936 4115 etiam:
955 4059 1027 4137 ἅμαε

178 4170 183 4180 ’
270 4153 352 4220 Vesp.
378 4153 429 4206 712
449 4152 564 4226 χωρεῖθ’
584 4149 641 4226 ἅμα
661 4150 697 4223 τῷ
716 4146 764 4205 τὸν
781 4145 886 4224 μισθὸν
905 4151 1004 4224 ἔχοντι.

255 4244 317 4296 Pae.
337 4245 396 4297 727.
419 4243 541 4298 ἕπεσθον
560 4240 606 4316 ἅμ’
627 4241 696 4315 ἐμοί.

253 4333 322 4385 Ran.
336 4333 397 4387 512.
418 4333 500 4387 εἴσιθ’
521 4329 567 4406 ἅμ’
586 4330 654 4405 ἐμοί.
