2842 4854
599 369 790 424 ..9-

333 565 405 625 732.
429 552 643 622 διαπετάσαδ
668 552 725 619 ἐπὶ
748 556 803 640 τῆς
827 556 939 639 κλίνης
962 551 1015 633 (τά
1041 550 1137 635 ἔρια).

331 672 404 732 846.
429 658 462 750 (ὅ
485 658 638 744 σπασμός
653 663 687 743 μ’
706 658 790 744 ἔχει)
814 653 924 743 ὥσπερ
948 657 1006 723 ἐπὶ
1029 664 1150 744 τροχοῦ
1171 662 1285 743 στρεβ-

1067 762 1241 846 λοάμενον.

176 884 300 948 Thesus
325 886 399 945 693.
424 874 477 956 (τό
501 877 654 961 παιδίον)
678 872 824 939 ἐπὶτῶν
848 877 986 960 μηρίων,
1012 875 1145 960 πληγὲν.

237 989 319 1055 Ron.
344 992 399 1053 52.
424 981 484 1053 ἐπὶ
518 986 573 1070 τῆς
610 979 688 1055 νεώς
722 975 1001 1062 ἀναγιγνώσκοντί
1043 1004 1103 1061 μοι
1138 994 1192 1060 (sc.
1226 974 1287 1065 τὴν

432 1082 672 1174 Ἀνδρομέδαν).
869 1152 872 1156 .

216 1201 304 1268 Ettl.
329 1204 404 1264 909.
428 1189 512 1261 κάπὶ
534 1197 589 1281 της
611 1197 722 1281 κλίνης
746 1192 825 1277 ὄφιν
849 1186 997 1279 (εὕροις).

216 1309 306 1374 Plut.
330 1299 485 1371 87ἴ)..ἐπὶ
517 1305 577 1367 τοῦ
611 1304 734 1386 τροχοῦ
766 1303 883 1368 ..δεῖ
903 1299 1003 1366 σέκεί
1024 1296 1287 1385 στρεβλούμενον

359 1454 362 1459 -
434 1406 580 1496 (εἰπεῖν).

109 1600 120 1615 Ἰ
321 1519 414 1586 1014.
437 1515 493 1583 ἐπὶ
516 1521 571 1603 τῆς
594 1511 718 1602 ἁμάξης
742 1563 750 1580 .
776 1563 783 1579 .
809 1563 817 1580 .
841 1516 1072 1602 προσέβλεψέν
1095 1537 1148 1596 με.

109 1630 241 1710 Frgmt.
252 1627 292 1692 M.
306 1630 369 1693 976
385 1627 422 1695 V.
440 1617 648 1704 ὀπτωμέναις
671 1619 841 1703 κόγχαισιν
865 1620 923 1686 ἐπὶ
946 1626 1011 1686 τῶν
1034 1615 1215 1705 άνθράκων
1236 1622 1288 1706 [Κ.
1343 1666 1346 1672 ,

1022 1737 1078 1810 aa
1105 1731 1153 1795 Βι.
1178 1728 1243 1811 oq.

274 1841 308 1923 5)
333 1839 485 1923 Quinque
508 1839 587 1906 loeis
611 1858 682 1905 oum
708 1839 818 1906 vernis
847 1839 997 1905 morendi
1019 1836 1217 1919 praepositio
1241 1838 1289 1902 ita

337 1955 529 2030 usurpatur,
564 1956 600 2013 ut
627 1949 780 2031 genetivo
804 1965 843 2012 ea
871 1965 923 2012 res
954 1947 1135 2026 indicetur,
1167 1945 1200 2009 in
1226 1964 1290 2024 qua

338 2054 457 2121 sedens
480 2055 601 2136 aliquis
625 2056 728 2121 locum
753 2064 948 2122 commutat:

216 2163 298 2244 Equ.
324 2153 405 2227 968:
429 2157 479 2244 ἐφ’
503 2153 651 2245 ἅρματος
674 2164 796 2245 χρυσοῦ
820 2156 942 2235 διώξεις
966 2157 1184 2243 (Σμικύθην).

257 2269 333 2336 Pac.
356 2275 411 2336 81.
432 2266 589 2353 (αἴρεται)
612 2265 658 2339 τίς
680 2265 739 2332 τὸν
762 2261 832 2351 άὲρ’
856 2264 913 2329 ἐπὶ
935 2268 994 2330 τοῦ
1018 2262 1200 2348 κανθάρου.

336 2381 410 2441 699.
434 2364 497 2439 κάν
520 2371 577 2438 ἐπὶ
601 2371 698 2458 ριπός
721 2375 830 2440 πλέοι.

254 2483 331 2565 bys.
355 2488 405 2548 60.
430 2478 574 2546 ἐπὶτῶν
599 2477 741 2566 κελήτων
764 2472 974 2565 διαβεβηκαά
998 2478 1148 2564 ὄρθριαι.

329 2595 403 2657 723.
427 2589 637 2673 (κατέλαβον)
670 2585 730 2672 τὴν
766 2635 773 2651 .
810 2637 817 2650 .
853 2584 911 2651 ἐπὶ
933 2585 1099 2672 στροάθον
1124 2591 1206 2667 μίαν
1229 2584 1289 2673 ἤδη

434 2699 597 2760 πέτεσθαι
622 2697 863 2781 διανοουμένην
887 2692 984 2760 κάτω.

682 2910 755 2997 aa.

223 3053 273 3119 Ea
301 3053 354 3120 vis
387 3072 452 3135 qua
483 3050 541 3116 ἐπί
572 3073 681 3136 praep.
705 3057 845 3136 aliquem
869 3056 957 3120 haud
980 3055 1092 3135 procul
1117 3055 1292 3135 abaliquo

114 3179 151 3226 re
175 3161 290 3227 abesse
305 3161 438 3226 iudicat
466 3161 516 3243 (ut
541 3163 615 3227 Xon
637 3181 687 3227 on.
710 3163 758 3227 IV
783 3168 858 3243 328
882 3169 996 3240 μεῖναι
1020 3158 1077 3224 ἐπὶ
1099 3160 1210 3243 (apud)
1234 3163 1293 3223 τοῦ

114 3269 280 3348 ποταμοῦ,
314 3268 404 3334 Dem.
440 3275 493 3351 18,
530 3275 591 3333 116
616 3261 653 3333 ἕν
676 3271 716 3356 τῇ
739 3265 796 3332 ἐπὶ
818 3271 877 3332 τοῦ
900 3271 1056 3348 ποταμοῦ
1079 3269 1181 3354 μάχη)
1206 3268 1292 3348 apud

115 3375 370 3456 Aristophanem
395 3395 553 3456 nusquam
579 3377 748 3442 invenitur
772 3378 836 3441 nisi
862 3377 895 3440 in
920 3377 1081 3441 locutione
1105 3385 1293 3440 constanter

111 3481 265 3548 adhibita
298 3478 355 3546 ἐπὶ
395 3478 537 3569 Θρηίκης.
584 3485 665 3548 Nam
701 3485 829 3549 etiamsi
868 3493 981 3565 poeta,
1025 3482 1293 3562 quotiescumque

119 3594 226 3655 terrae
261 3590 400 3655 alieuius
432 3592 485 3657 vel
524 3592 633 3673 oppidi
669 3592 722 3657 vel
758 3592 819 3656 loci
852 3610 968 3657 nomen
1005 3589 1171 3671 proprium
1199 3589 1293 3654 astent

117 3693 229 3777 ibique
260 3697 385 3778 aliquid
427 3698 584 3764 auoidisse
617 3708 763 3776 enarrat,
795 3694 831 3760 ἐν
868 3697 1118 3778 praepositione
1142 3715 1219 3762 usus
1243 3706 1294 3762 ost

111 3801 172 3888 (cf.
206 3800 243 3868 ἐν
282 3797 435 3876 Ἀθάναις
476 3806 528 3871 vel
553 3797 713 3890 Ἀθήναις
751 3807 830 3871 Aah.
868 3810 940 3869 729.
991 3806 1072 3886 Equ
1115 3810 1218 3884 10373
1258 3800 1294 3866 ἐν

12 3958 14 3966 ,
116 3917 188 3982 ταῖς
211 3902 363 3982 Ἀθάναις
393 3914 447 3979 val
479 3904 629 3996 Ἀθήναις
656 3914 735 3978 Aah.
767 3919 851 3992 829;
875 3912 956 3993 Equ.
988 3919 1090 3993 13233
1122 3907 1158 3974 ἐν
1186 3919 1295 3975 Λακε-

110 4016 255 4098 δαίμονι
285 4020 348 4085 Αν.
384 4025 477 4085 1012.
506 4021 581 4102 Lys.
614 4024 693 4101 9943
725 4015 762 4082 ἐν
793 4015 892 4105 Πύλῳ
920 4020 1002 4100 Equ.
1028 4025 1078 4084 76.
1113 4020 1189 4084 Pae,
1222 4025 1295 4085 665.

26 4114 29 4119 ⁵
117 4123 203 4208 Lys.
230 4128 311 4200 104;
336 4121 372 4188 ἐν
398 4125 564 4212 Βυζαντίῳ
587 4127 669 4193 Nub.
688 4133 762 4199 249.
785 4128 882 4208 Vesp.
908 4133 989 4206 2363
1013 4122 1049 4188 ἐν
1073 4123 1173 4210 Σάμῳ
1199 4127 1294 4206 Vesp.

119 4237 193 4299 283.
218 4233 295 4314 Lys.
321 4239 402 4314 313;
434 4228 471 4294 ἐν
496 4236 653 4320 Κορίνθῳ
676 4234 763 4299 Plut.
795 4240 868 4299 173.
902 4240 981 4314 3033
1019 4229 1055 4295 ἐν
1087 4226 1296 4317 Ἐκβατάνοις

110 4338 202 4420 Equ.
226 4340 321 4406 1089.
346 4340 443 4422 Vesp.
471 4345 569 4420 11443
594 4332 631 4404 ἕν
649 4344 823 4427 Καμαρίνη
849 4332 911 4404 κάν
927 4340 1022 4424 Γέλᾳ,
1048 4332 1111 4402 κάν
1126 4341 1296 4425 Καταγέλᾳ
