2842 4854
593 370 812 430 „74-

212 559 295 626 Ran.
323 567 392 623 117.
419 560 521 645 μηδὲν
545 557 594 623 ἔτι
617 554 698 644 πρὸς
720 563 810 624 ταῦτ’
835 562 846 642 (
849 608 983 625 .....
1007 557 1097 642 opti(
1114 561 1141 643 ).

319 673 392 732 993.
416 662 453 729 σύ
478 666 514 730 δὲ
537 671 571 729 τί
592 662 674 749 πρὸς
696 672 799 730 ταῦτα
822 667 937 748 λέξεις;
1023 722 1026 729 .

229 775 333 841 Semel
357 775 467 841 eodem
493 794 590 841 sensu
615 776 782 840 invenitur
805 771 888 859 πρὸς
911 772 1036 839 πάντα

211 883 292 948 Nub.
318 889 391 948 888.
416 875 497 964 πρὸς
521 877 633 944 πάντα
657 876 696 944 τοὶ
723 883 819 945 δίκαι’
843 875 1025 961 ἀντιλέγειν
1049 880 1239 968 δυνήσεται.

169 992 199 1067 3)
223 1008 295 1054 oum
318 991 418 1056 verbo
442 986 573 1071 κράζειν
601 989 807 1055 coniunctum
832 985 916 1071 πράς
946 990 1073 1055 duobos
1109 991 1196 1056 loeis
1231 1009 1303 1056 earo

221 1116 303 1162 rem
344 1097 397 1162 vel
436 1114 657 1177 personam
703 1096 844 1173 indicat,
893 1116 976 1178 quae
1017 1104 1053 1162 nt
1092 1098 1210 1164 veniat
1248 1099 1302 1164 vel

220 1210 412 1285 apportetur
435 1204 553 1285 aliquis
577 1204 745 1269 clamando
769 1204 898 1270 efficere
921 1205 1010 1271 voit:

209 1313 290 1377 Act.
314 1316 388 1376 804.
413 1304 452 1380 ὥς
475 1303 528 1384 ὀξυ
553 1305 636 1392 πρὸς
659 1306 715 1381 τὰς
738 1306 870 1388 ἰσχάδας
894 1309 1081 1395 κεκράγατε.

209 1418 291 1483 Ran.
317 1424 391 1483 984.
415 1423 551 1499 κέκραγε
575 1413 656 1500 πρὸς
678 1413 754 1488 τοὺς
778 1416 913 1488 οἰκέτας.

672 1540 743 1628 ar.

228 1647 315 1733 Πρός
337 1651 440 1716 latino
467 1649 664 1742 „adversus“
688 1651 740 1716 vel
762 1651 914 1729 „contra“
940 1651 1116 1732 respondet
1141 1652 1221 1735 loeis
1242 1653 1292 1734 qni

121 1765 319 1838 sequuntur:

210 1866 289 1930 Aah.
314 1871 386 1930 659.
411 1859 492 1946 πρὸς
514 1868 619 1927 ταῦτα
643 1865 754 1927 Κλέων
780 1916 941 1929 ......
966 1862 1182 1945 καλαμοίσθω.

292 1977 385 2038 1134.
410 1968 493 2053 πρὸς
516 1967 592 2041 τοὺς
616 1971 794 2051 πολεμίους
820 1968 1021 2056 θωρήξομαι.

217 2113 220 2119 -
290 2085 385 2144 1135.
408 2072 491 2161 πρὸς
514 2075 590 2160 τοὺς
612 2075 781 2158 συμπότας
803 2076 1003 2164 θωρήξομαι.

208 2187 292 2267 Equ.
319 2193 391 2251 511.
417 2188 549 2264 γεναίως
572 2180 654 2267 πρὸς
677 2180 735 2248 τὸν
763 2190 865 2267 Troo}
886 2195 990 2269 χωρεῖ.

208 2295 290 2360 Nub.
315 2299 389 2358 294.
414 2287 717 2376 (άνταποπαρδεῖν)
743 2291 825 2376 πρὸς
848 2290 905 2364 τάς
928 2291 1074 2377 βροντάς.

296 2407 389 2465 1032.
415 2400 531 2463 δεινοῖν
546 2400 582 2462 δέ
596 2419 647 2461 σοι
662 2397 895 2480 βουλευμάτων
910 2397 995 2464 ἔοικε
1008 2402 1077 2464 δεῖν·
1088 2397 1177 2485 πρὸς
1189 2396 1277 2466 αὐτόν.

208 2512 269 2574 AV.
297 2514 391 2573 1190.
416 2503 573 2589 (πόλεμος
598 2505 725 2590 αἴρεται
750 2559 756 2571 .
782 2560 787 2571 .
813 2561 818 2571 .
845 2508 865 2589 ,i
889 2504 974 2591 πρὸς
998 2506 1057 2588 ἐμὲ
1081 2512 1140 2573 καὶ
1163 2505 1257 2579 θεούς.

296 2621 388 2679 1597.
415 2611 502 2697 (οὔτε
526 2667 532 2679 .
558 2667 563 2678 .
589 2667 594 2676 .
620 2667 626 2679 .
650 2611 804 2699 ἤρξαμεν)
830 2616 978 2694 πολέμου
1004 2611 1089 2699 πρὸς
1114 2612 1204 2699 ὑμᾶς.

206 2724 283 2804 LyS.
308 2728 381 2787 887.
405 2712 448 2800 χᾶ
471 2722 673 2785 δυσκολαίνει
697 2717 782 2803 πρὸς
805 2718 872 2800 ἐμέ.

207 2831 334 2916 Thesm.
361 2835 433 2895 806.
457 2824 541 2912 πρὸς
566 2821 793 2911 Ἀριστομάχην
826 2829 861 2892 δὲ
890 2825 1007 2911 χρόνον
1037 2832 1177 2910 πολλοῦ,
1204 2824 1277 2913 πρὸς

811 2933 938 3020 ἐκείνην
961 2931 1020 2999 τλν
1047 2942 1243 3020 Μαραθῶνι,

458 3045 479 3121 (.
504 3095 510 3107 .
535 3096 540 3106 ,
567 3037 658 3121 ὑμῶν
683 3035 788 3114 οὐδεὶς
812 3039 881 3106 οὐδ’
913 3041 1053 3127 ἐγχειρεῖ
1080 3043 1286 3129 πολεμίζειν).

207 3152 290 3218 Ran.
316 3157 388 3215 793.
413 3145 633 3229 διαγωνιεῖσθ’
658 3146 779 3232 ἔφασκε
802 3147 887 3233 πρός
911 3153 936 3228 γ’
960 3147 1160 3238 Εὐριπίδην.

671 3276 742 3359 aa.

225 3386 259 3450 Si
298 3387 398 3451 verba
440 3390 622 3465 sequuntur
660 3392 697 3450 ut
736 3385 873 3460 πωλεῖν,
919 3376 1105 3468 α’γοράζειν,
1154 3382 1289 3456 σπονδὰς

19 3487 21 3490 ’
118 3497 302 3575 ποιεῖσθαι,
328 3491 466 3573 παίζειν,
492 3492 531 3574 is,
556 3510 635 3556 oum
661 3511 724 3573 quo
749 3492 866 3571 aliquis
891 3492 1080 3557 oommeroio
1101 3495 1293 3561 ooniunotos

117 3604 177 3676 est,
202 3600 388 3680 paciscitur,
413 3600 549 3682 iocatur,
579 3599 818 3679 praepositione
841 3593 922 3681 πρός
946 3599 1112 3664 indicatur
1135 3600 1218 3667 locis
1242 3601 1295 3683 qui

117 3713 314 3787 sequuntur:

205 3814 284 3880 th.
310 3820 361 3878 52.
384 3808 528 3883 σπονδάς
551 3817 726 3875 ποιεῖσθαι
747 3808 830 3895 πρὸς
854 3815 1148 3892 Λακεδαιμονίους.

289 3920 361 3985 131.
384 3917 529 3990 σπονδάς
553 3924 689 4003 ποίησαι
713 3914 797 4002 πρὸς
821 3921 1116 3999 Λακεδαιμονίους.

288 4035 361 4093 625.
386 4024 546 4110 (κηρύττω
564 4077 570 4090 .
585 4075 592 4089 .
607 4079 612 4090 .
628 4074 635 4089 .
653 4030 839 4108 Βοιωτίοις)
869 4027 990 4090 πωλεῖν
1014 4023 1190 4110 ἀγοράζειν
1212 4026 1302 4114 πρὸς

864 4130 933 4212 ἐμὲ,
958 4131 1108 4221 Λαμάχῳ
1133 4137 1170 4200 δὲ
1194 4133 1250 4222 μή.

288 4249 360 4307 722.
386 4239 535 4326 (ἐνταῦθ’
560 4237 732 4325 ιῖγοράζειν
756 4243 839 4305 πᾶσι
864 4295 870 4307 .
895 4291 901 4304 .
926 4290 933 4305 .
959 4289 966 4304 .
992 4238 1098 4316 ἔξεστι
1122 4294 1130 4309 .
1154 4294 1161 4308 .
1187 4246 1211 4326 .)
1244 4242 1300 4328 ἐφ’

528 4336 588 4435 ᾧτε
613 4350 736 4412 πωλεῖν
761 4344 843 4432 πρὸς
866 4346 933 4430 ἐμέ,
959 4346 1109 4434 Λαμάχῳ
1133 4349 1169 4414 δὲ
1193 4343 1251 4437 μή.
