2842 4854
602 284 648 296 -
693 246 826 315 Μ’...

118 444 140 510 l.
164 463 192 511 α.
221 450 352 526 p.147;
387 444 524 510 eundem
561 464 653 511 usum
688 446 788 512 etiam
823 453 989 513 oratorum
1026 464 1107 514 esse
1142 448 1308 532 proprium

119 552 215 618 docet
245 551 425 634 I'rohberg.
459 552 500 617 ad
534 553 610 634 hys.
635 553 732 635 XIII,
763 556 830 636 95).
877 554 938 621 Oui
974 553 1041 637 legi
1079 557 1141 637 qui
1179 556 1307 623 videtur

120 677 305 741 repugnare
329 660 435 725 Iocus:
1342 720 1345 749 ,

210 767 336 849 Frgmt.
363 768 405 832 M.
435 773 495 832 961
524 767 589 833 VII
625 763 709 849 πρὸς
741 771 829 831 θεῶν
865 764 986 849 ἔραμαι
1020 774 1156 850 τέττιγα
1190 777 1305 854 φαγεῖν
1343 786 1345 809 ²

946 873 999 962 [K.
1024 882 1090 957 54;
1116 878 1168 944 Bl.
1192 875 1261 966 40],
1343 878 1345 885 ’

121 981 177 1046 ubi
202 976 283 1061 πρὸς
306 1000 332 1048 α.
357 999 431 1063 gen.
455 982 554 1047 haber
581 983 648 1047 vim
669 982 911 1065 affirmativam,
944 982 988 1048 ad
1009 983 1090 1050 Eur.
1115 985 1218 1068 Hipp.
1241 992 1300 1053 219
1343 1062 1345 1067 ,

119 1083 205 1168 πρὸς
230 1094 318 1152 θεῶν
343 1085 464 1168 ἔραμαι
487 1108 558 1152 κοσι
583 1086 707 1163 αοιξαι
732 1090 867 1156 alludit·
860 1097 990 1172 ‚atque
1013 1091 1078 1156 alio
1106 1092 1194 1159 Ioco:

410 1305 497 1366 τοιιὶ
524 1308 660 1383 γένοιτο,
685 1307 790 1389 φησιν.
815 1330 840 1367 ω
821 1219 946 1388 nuptie
967 1309 1033 1368 τῶν
1057 1310 1170 1389 sisoim

119 1429 184 1476 nou
223 1420 260 1475 ut
298 1413 331 1476 iu
371 1412 569 1477 editionibus
608 1411 776 1476 formulam
817 1412 1063 1483 affirmativam
1105 1415 1167 1481 sed
1204 1415 1296 1482 inter

118 1519 323 1601 rogationem
347 1519 594 1599 intelligendam
618 1538 691 1585 esse
714 1522 786 1602 (per
802 1520 888 1602 deos,
914 1540 957 1587 se.
973 1539 1055 1589 vera
1071 1522 1192 1606 dieIsI)
1215 1530 1296 1590 reeta

119 1626 252 1691 Bechm.
276 1626 442 1707 perspexit
465 1636 497 1692 et
522 1628 674 1707 exposuit
699 1628 717 1692 l.
742 1646 768 1692 e.
794 1646 824 1707 p.
852 1633 924 1693 146.

675 1804 747 1890 so.

228 1913 355 1977 Deinde
380 1913 578 1993 praepositio
611 1914 733 1994 aliquid
758 1915 897 1982 alieuius
922 1934 993 1982 esse
1017 1915 1166 1984 officium
1201 1917 1285 1986 velu‘

118 2020 296 2084 convenire
320 2019 502 2099 signifieat:

210 2127 292 2207 Equ.
320 2133 392 2190 191.
418 2120 436 2210 ἡ
461 2128 645 2210 δημαγωγία
670 2122 729 2210 γάρ
754 2125 791 2191 οὗ
814 2125 899 2212 πρὸς
923 2134 1081 2210 μουσικοῦ

418 2229 460 2296 ἔτ’
485 2231 572 2297 ἐστὶν
596 2229 713 2319 derude
737 2231 811 2299 οὐδὲ
835 2241 976 2321 χρηστοῦ
998 2233 1074 2310 τοὺς
1099 2237 1253 2323 τρόπους.

213 2342 308 2422 Vesp.
326 2347 399 2406 369.
423 2346 526 2405 ταῦτα
543 2343 606 2423 μὲν
622 2339 705 2426 πρὸς
721 2336 837 2426 α’νδρός
854 2340 915 2407 ἐστ’
932 2342 1067 2416 ἄνοντος
1083 2342 1117 2417 ἐς
1133 2352 1290 2437 σωτηρίαν.

305 2455 399 2513 1014.
425 2454 536 2531 (τοῦτο
561 2446 621 2532 γάρ
651 2455 770 2514 σκαιῶν
794 2456 935 2531 θεατῶν)
969 2448 1036 2515 ἐστὶ
1068 2451 1213 2535 πάσχειν
1239 2448 1289 2519 auri

855 2574 858 2578 ’
1046 2557 1133 2645 πρὸς
1157 2559 1246 2646 ὑμῶν.

212 2664 294 2729 Ran.
318 2669 391 2729 534.
415 2668 519 2727 ταῦτα
543 2667 603 2745 μὲν
627 2661 708 2748 πρὸς
732 2659 850 2749 ἄνδρας
875 2662 940 2729 ἐστι
965 2668 1058 2751 (νοῦν
1085 2665 1227 2754 ἔχοντας).

315 2776 389 2836 540.
414 2767 461 2850 (τὸ
488 2772 522 2834 δὲ
546 2778 829 2855 μεταστρέφεσθαι
853 2768 936 2855 πρὸς
959 2769 996 2837 τὸ
1020 2771 1283 2861 μαλθακώτερον)

801 2881 907 2953 δεξιοῦ
932 2877 1013 2964 πρὸς
1036 2876 1158 2966 dudode-
1182 2882 1254 2950 ἔστι.

210 2985 297 3051 Plut.
323 2991 395 3048 355.
419 2981 502 3067 πρὸς
524 2980 642 3067 ἀνδρὸς
666 2978 759 3049 οὐδὲν
783 2981 866 3066 ὑγιές
891 2984 952 3050 ἐστ’
978 2988 1205 3072 εἰργασμένον.

229 3093 281 3158 Ex
304 3091 474 3173 Euripidis
497 3094 599 3159 Aeolo
623 3095 850 3161 haustumt
800 3103 865 3162 est:

212 3193 1131 3288 Τ1188111.177.σοφοῦπρὸςανδρὸς,οστιςένβραχει

462 3306 608 3382 πολλοος
632 3311 735 3382 nuidis
760 3309 827 3384 οἰός
850 3335 886 3376 τε
911 3316 1101 3391 σιντεμνειν
1124 3310 1247 3392 λόγους.

675 3471 748 3559 §a

230 3576 337 3643 Semel
359 3573 445 3659 πρός
468 3596 540 3644 curn
564 3598 636 3662 gen.
661 3599 819 3661 personae
843 3599 914 3646 euru
940 3579 1075 3657 iudicat,
1099 3582 1152 3647 oui
1176 3584 1306 3665 aliquid

119 3683 328 3763 eommod0*)
353 3691 416 3750 est:

211 3792 307 3872 Vesp.
333 3798 406 3857 646.
429 3787 488 3877 τὴν
513 3790 571 3877 γὰρ
596 3788 679 3873 ε’μνν
702 3789 799 3878 ὀργὴν
823 3797 974 3856 πεπᾶναι
991 3789 1139 3871 χαλεπὸν
1154 3789 1200 3880 μὴ
1217 3792 1306 3879 πρὸς

1009 3898 1091 3982 ἐμοῦ
1115 3901 1256 3981 λέγοντι,

184 4075 211 4143 *)
231 4076 311 4129 simili
337 4077 415 4130 modo
440 4071 510 4153 πρός
537 4076 679 4130 adhibetur
697 4075 781 4130 Thuc.
800 4042 848 4146 IV,
870 4077 910 4144 10,
930 4080 955 4131 2.
984 4073 1018 4133 τὰ
1042 4081 1126 4133 πλείω
1152 4069 1209 4154 δρῶ
1233 4075 1305 4157 πρὸς

230 4157 308 4240 ἡμῶν
332 4162 409 4234 donee
439 4166 487 4232 IV,
506 4166 586 4235 23,3
612 4159 681 4240 πρὸς
708 4165 764 4221 τῶν
791 4169 930 4242 πολεμίων
957 4166 1035 4223 τοῦτο
1062 4163 1170 4243 ἐνόμιζε
1193 4168 1304 4244 μᾶλλον

230 4252 309 4309 εἶναι.
346 4254 387 4309 df.
406 4255 488 4309 etiam
507 4254 586 4322 Soph.
606 4253 670 4310 Oed.
688 4260 741 4322 tyr.
761 4256 839 4310 1434.
877 4256 973 4311 Treeh.
993 4257 1054 4311 479.
